3172 5370
623 622 801 689 -17-

217 803 467 872 Verumtamen
480 802 558 890 lege
574 801 842 871 Atheniensium
855 791 966 894 (nunc
984 802 1126 870 demum
1143 801 1187 870 ad
1198 801 1255 890 jus
1270 817 1402 868 ‹nitunt-t

161 919 322 1018 'graecum
336 921 573 1020 pervenimus)
586 927 696 1016 patris
710 947 781 996 non
789 928 979 1017 requiritur
989 947 1180 997 consensus
1194 924 1257 996 ubi

168 1057 323 1142 stuprata
342 1057 395 1120 est
406 1039 652 1122 afiliolamilias
662 1053 747 1122 civis
763 1053 978 1123 atheniensis
995 1053 1151 1142 :cogitur
1162 1050 1257 1120 enim

167 1177 225 1245 ille
246 1196 323 1246 eam
337 1176 480 1244 ducere.
504 1177 580 1246 Hoc
605 1182 722 1246 autem
734 1179 806 1267 Juri
828 1197 971 1248 romano
981 1177 1083 1268 plane
1103 1176 1256 1246 alienum

169 1306 235 1390 est,
255 1320 323 1389 quo
347 1302 535 1391 stupratori
560 1290 663 1392 praua
683 1308 818 1373 tantum
848 1305 1021 1394 irrogatur
1047 1300 1113 1399 (l).
1140 1302 1257 1387 Quum

171 1445 254 1515 ergo
270 1426 474 1517 Pamphilus
491 1428 604 1497 civem
617 1428 793 1498 vitiavisse
811 1428 958 1517 (licetur,

709 1618 833 1683 Coactus
847 1617 959 1700 lapibus

292 1716 368 1778 llam
385 1735 515 1779 uxorem
531 1717 634 1779 ducet.

749 1813 871 1896 (Anae,
887 1816 937 1890 ιν,
953 1815 983 1890 r,
998 1833 1029 1876 v.
1046 1813 1159 1890 uas.)

172 2007 281 2096 quue
298 2026 369 2075 non
381 2005 496 2074 Davus
515 2005 618 2074 modo
631 2005 798 2096 explorati
808 2006 896 2096 juris
907 2025 984 2075 esse
1009 2004 1174 2094 declarat,
1196 2005 1260 2074 sed

173 2137 208 2201 et
222 2133 298 2223 ipse
315 2137 414 2222 pater
426 2132 582 2221 agnoscit
595 2132 650 2200 his
659 2132 776 2201 verbis
795 2154 802 2200 :

291 2323 428 2387 Adducti
442 2324 497 2403 qui
512 2323 600 2385 illam
616 2323 715 2386 civem
729 2324 803 2386 hinc
818 2324 935 2400 dicant,
951 2323 1056 2386 υίοενίε
1070 2322 1127 2404 (i).

937 2424 986 2498 (V,
1004 2422 1033 2496 3,
1048 2440 1080 2484 v.
1096 2420 1130 2482 at
1140 2422 1163 2498 .)

174 2602 275 2686 Quod
292 2623 375 2673 vero
395 2604 432 2671 in
448 2603 617 2693 Adelphis
635 2604 850 2673 invenimus:

299 2856 306 2870 .
333 2854 340 2870 .
368 2854 375 2869 .
398 2809 567 2870 Peccatum
580 2808 613 2869 in
627 2807 781 2887 virginem
796 2812 843 2868 est
857 2805 994 2866 civem...

298 2952 304 2966 .
333 2950 341 2966 .
367 2953 373 2964 .
396 2906 435 2966 lit
449 2905 585 2968 durando
599 2900 735 2967 indotata
749 2912 801 2977 est,
953 2957 955 2961 ,

848 2993 1164 3079 (lazarau.)

176 3197 243 3265 hoo
257 3216 327 3265 non
339 3194 511 3286 significat
520 3197 751 3284 stupratorem
764 3192 880 3260 dotem
888 3189 1048 3278 accipere
1061 3205 1131 3253 non
1144 3201 1261 3273 posse,

177 3320 252 3408 sed,
275 3320 432 3409 quemvis
450 3319 517 3388 hoo
542 3319 618 3388 loco
644 3319 742 3408 virgo
761 3317 878 3386 dotem
902 3334 973 3383 non
997 3311 1137 3397 habeat,
1167 3307 1264 3376 illum

176 3450 294 3514 tamen
306 3465 385 3512 eam
398 3449 436 3513 ut
455 3431 559 3512 ducat
578 3443 666 3533 cogi.

224 3570 351 3660 Operae
362 3570 514 3660 pretium
528 3573 582 3637 est
592 3569 651 3637 hic
665 3567 956 3654 animadvertere,
967 3566 1060 3656 apud
1070 3566 1257 3646 Romanos,

175 3695 330 3765 Terentii
343 3700 457 3783 aetate,
472 3695 528 3784 jus
542 3714 613 3762 non
623 3700 821 3783 competere
835 3690 1063 3761 filiaelamilias
1070 3697 1207 3781 patrem
1217 3691 1262 3760 ad

1074 3897 1263 3908 ——o--n

190 3907 433 3918 m—

212 4034 250 4105 (4)
273 4055 287 4086 «
303 4032 379 4103 Lege
393 4030 468 4088 lulla
481 4033 567 4089 etlam
582 4029 672 4102 stupri
687 4028 828 4102 flagitium
839 4028 970 4101 punitur,
986 4042 1074 4099 quum
1085 4026 1149 4098 quis
1162 4025 1225 4082 sine
1238 4022 1265 4079 ri

177 4123 221 4180 vel
234 4122 372 4189 virginem
384 4119 429 4177 rel
444 4119 560 4175 viduam
582 4119 702 4175 honeste
716 4118 860 4174 virentem
874 4116 1058 4188 stupraverit.
1077 4135 1092 4167 »
1106 4112 1264 4171 lastiniani

178 4211 399 4268 Institutionum
411 4207 466 4267 hb
489 4207 536 4276 lV,
552 4208 594 4263 tit.
611 4208 656 4277 ⁴8,
676 4207 712 4263 da
724 4204 990 4278 publiusJudrous
1006 4205 1066 4274 sl.

214 4295 798 4370 (2)OEPlaut,Autut.1v,lo‚v.oa:

304 4386 397 4443 llihi
390 4401 532 4458 ignoscas,
549 4398 668 4453 eamque
682 4397 798 4440 uxorem
813 4381 884 4440 mihi
898 4381 959 4454 dos,
974 4387 1005 4439 ut
1018 4381 1096 4453 loges
1108 4334 1224 4450 J'uhant.
