3172 5370
814 604 992 672 ..14-

354 779 490 870 fierent,
514 801 665 871 namque
686 782 736 851 ibi
757 785 972 853 consuetudo
988 785 1068 855 vitae
1092 787 1232 858 initium
1248 796 1364 880 potest
1387 793 1456 862 ha-

353 906 456 992 bere3
477 908 540 975 sed
581 907 649 974 alia
674 927 775 976 mens
803 914 855 976 est
881 910 1067 999 Pamphili,
1102 913 1289 982 mulierem
1320 937 1455 1007 nempe

351 1023 445 1113 apud
460 1023 640 1092 Simonem
653 1024 837 1092 transferri
853 1025 952 1114 jubet
976 1048 983 1093 :

727 1192 785 1264 Tu,
802 1191 897 1268 Dave,
915 1191 968 1251 abi
982 1190 1123 1265 domum,

450 1306 599 1381 Propera,
615 1322 739 1366 accerse
753 1305 827 1368 hinc
842 1305 897 1386 qui
911 1307 1056 1369 auferant
1071 1329 1151 1373 eam.

1027 1406 1074 1488 (V,
1092 1409 1121 1481 6,
1137 1429 1167 1470 v.
1185 1414 1222 1474 td
1238 1417 1268 1472 et
1283 1414 1344 1496 45.)

353 1548 389 1612 et
407 1542 510 1612 modo
528 1541 624 1611 idem
641 1542 776 1611 dixerat
796 1564 803 1610 :

452 1728 515 1788 Nec
535 1726 602 1789 ulla
616 1745 706 1789 mora
720 1733 767 1789 est
781 1728 857 1807 quin
872 1747 942 1790 eam
957 1747 1088 1791 uxorem
1102 1729 1217 1791 ducam.

1129 1826 1236 1908 (leid,
1252 1849 1281 1890 v.
1298 1829 1342 1908 7.)

352 1979 428 2048 Hoc
464 1979 607 2047 demum
645 1977 812 2067 temporis
840 1983 969 2067 puncto
1012 1980 1144 2068 nuptiae
1187 1980 1285 2070 fient,
1333 2004 1444 2073 quum

352 2124 480 2195 sponsa
516 2104 554 2172 in
587 2104 729 2173 domum
766 2102 919 2172 Simonis
953 2103 1159 2174 deducetur.
1200 2106 1325 2176 Nonne
1358 2131 1443 2202 ergo

350 2229 573 2320 Pamphilum
597 2229 801 2316 Davumque
826 2227 1092 2316 jurisconsultos
1114 2230 1290 2320 crederes,
1313 2235 1373 2322 qui
1399 2257 1444 2305 ea

350 2352 549 2443 prudentia,
571 2371 612 2420 eo
641 2351 798 2419 veritatis
827 2352 942 2419 studio
961 2352 1164 2422 acutissima
1180 2374 1328 2442 quaeque
1361 2377 1442 2446 per-

349 2474 511 2556 tractant,
532 2473 569 2536 ut
590 2489 635 2535 nc
655 2467 852 2536 levissimus
881 2468 1024 2556 quidem
1037 2468 1125 2556 juris
1146 2490 1244 2538 error
1262 2471 1439 2541 incorum

348 2593 448 2664 sactis
473 2598 533 2662 aut
558 2593 659 2661 dictis
683 2592 901 2682 deprehendi
916 2594 1049 2682 possit?

398 2719 480 2806 Sed,
500 2725 539 2787 ut
557 2720 623 2786 ista
642 2719 759 2786 omnia
777 2718 897 2808 paucis
915 2719 1172 2808 contrahamus
1193 2722 1326 2809 quaein
1345 2742 1439 2812 nup-

341 2845 406 2913 tiis
424 2843 502 2912 fieri
529 2843 687 2913 solebant
712 2844 749 2912 in
776 2843 832 2912 his
859 2842 1099 2932 Adelphorum
1124 2846 1242 2915 uerbis
1265 2847 1439 2915 contineri

347 2970 510 3040 videntur
530 2991 537 3036 :

770 3161 778 3178 .
804 3159 812 3179 .
837 3163 845 3178 .
867 3117 941 3189 Quis
955 3115 1127 3199 despondet?
1141 3117 1211 3197 quis
1225 3117 1328 3180 dedit?

445 3217 503 3279 Gui
517 3215 643 3296 quando
658 3212 775 3295 nupsit?
791 3260 931 3276 .....

444 3317 507 3378 Gur
520 3313 610 3376 duait
622 3312 776 3375 alienam?

1026 3411 1332 3493 (fflduffimw

342 3578 623 3668 Unumquodque
640 3597 702 3647 suo
721 3576 843 3646 ordine
855 3577 1059 3646 collocatum
1080 3581 1146 3663 est,
1158 3578 1197 3642 ut
1211 3573 1279 3641 alio
1294 3595 1431 3662 quoquo

342 3702 419 3772 loco
439 3725 446 3770 :

441 3867 518 3946 Ego
535 3867 586 3929 cui
600 3866 725 3928 daturus
740 3886 804 3928 non
817 3885 898 3940 sum,
915 3872 950 3928 ut
965 3866 994 3927 ei
1008 3865 1200 3948 despondeum
1215 3869 1282 3952 (t)‘?

959 3961 1094 4040 (Horat,
1110 3965 1161 4042 lv,
1177 3965 1206 4040 5,
1224 3983 1255 4029 v.
1271 3969 1332 4045 36)

373 4287 411 4354 (³)
432 4287 465 4342 si
490 4286 894 4359 naur.,Autur.11‚3,v,r2

446 4375 548 4431 Filium
560 4375 689 4448 despondi
700 4391 764 4447 ego,
776 4375 859 4434 hodic
869 4381 981 4448 nuptum
998 4373 1066 4431 huic
1080 4373 1230 4444 Megadoro
1244 4375 1326 4460 dado.
