3172 5370
593 688 770 756 ,49-

134 875 223 944 nitur
251 896 259 942 :
292 874 344 955 in,
361 873 525 944 omnibus
565 873 711 962 scilicet,
748 875 827 944 'non
865 874 1082 946 solummodo
1119 895 1227 965 quum

136 993 392 1089 circumscripti
423 1004 517 1088 sunt,
541 1000 605 1069 sed
629 1000 733 1069 etiam
761 1002 900 1090 quando
922 1002 995 1072 sola
1021 1002 1132 1071 aetatis
1155 1023 1229 1072 suae
1287 983 1288 986 ¹

135 1123 336 1193 infirmitate
373 1124 463 1213 lapsi
499 1129 594 1212 sunt,
641 1125 734 1213 quod
764 1126 957 1215 Antiphoni
987 1126 1156 1196 accidisse
1183 1127 1233 1194 di·

136 1250 226 1319 citur
241 1244 304 1343 (1).
328 1249 508 1318 Cratinum
524 1269 607 1339 ergo
619 1250 752 1319 bonum
763 1255 866 1338 atque
882 1250 1094 1339 prudentem
1112 1249 1232 1319 existi·

135 1375 324 1445 mabimus.
342 1373 437 1456 Quid
455 1374 1104 1467 Hegionem‘iGloriosum,indoctum,
1119 1375 1232 1466 pervi-

136 1521 255 1570 cacem
268 1521 276 1586 ;
287 1519 359 1568 non
375 1500 471 1567 enim
486 1500 583 1589 prior
594 1500 811 1590 respondere
824 1501 945 1589 voluit,
961 1507 1086 1590 utquae
1097 1502 1142 1572 ab
1155 1501 1233 1569 aliis

136 1624 339 1693 dicerentur
362 1624 562 1714 improbare
580 1630 717 1714 posset;
735 1625 901 1714 idemque
922 1627 993 1716 juri
1006 1631 1169 1716 praetorio
1186 1625 1233 1694 si·

134 1748 208 1818 mul
221 1754 256 1817 et
273 1748 428 1838 aequitati
446 1755 703 1839 repugnantem
719 1750 932 1819 sententiam
949 1750 1151 1839 pronuntiat
1162 1745 1230 1844 (2).

136 1873 314 1944 Critonem
331 1874 483 1963 denique
503 1875 613 1943 animi
639 1875 786 1945 dubium
804 1881 840 1944 et
851 1873 1079 1944 fluctuantem
1098 1874 1234 1944 inducit

135 1999 321 2068 Terentius
337 1993 404 2092 (3),
428 2004 488 2067 aut
502 2004 596 2068 certe
618 2005 759 2068 cautum
773 2004 878 2088 atque
897 2002 1114 2090 argutulum3
1136 2005 1176 2068 ut
1189 2019 1233 2067 ex

137 2122 193 2192 his
208 2144 320 2192 unum
338 2143 416 2191 esse
437 2124 661 2211 crediderim,
675 2123 734 2212 qui
749 2123 899 2193 caviliati
914 2123 1233 2193 suntfiliissamilias

138 2266 209 2316 non
227 2267 330 2336 posse
349 2249 508 2317 succurri
526 2271 533 2316 :
556 2249 686 2338 quippe
702 2248 796 2338 quod
813 2269 879 2339 per
896 2268 956 2318 eos
968 2249 1128 2338 patribus
1147 2249 1232 2318 sub-

138 2373 330 2456 veniretur,
346 2380 535 2462 praetorem
549 2394 678 2463 nempe
702 2374 870 2443 auxilium
886 2374 1082 2445 minoribus
1099 2373 1231 2464 promi·

126 2493 240 2584 sisse,
263 2515 334 2564 non
352 2497 543 2585 majoribus
564 2492 632 2590 (1).

189 2706 293 2775 Nunc
321 2707 464 2777 demum
499 2710 601 2779 nobis
631 2711 851 2801 exploratum
875 2713 930 2776 est
958 2706 1002 2775 de
1022 2707 1111 2796 juris
1143 2727 1233 2797 prae-

140 2832 251 2922 ceptis
276 2831 512 2922 institutisque
530 2854 679 2923 quorum
706 2836 923 2906 mentionem
941 2831 1074 2902 habent
1098 2833 1233 2901 Teren-

140 2957 180 3026 tii
211 2956 406 3028 comoediae.
453 2960 651 3029 Romanum
697 2966 816 3038 autem
850 2963 907 3052 jus
956 2965 1116 3031 secutum
1155 2977 1233 3026 esse

141 3081 343 3152 Terentium
386 3084 516 3174 liquet,
551 3106 705 3176 graecum
739 3107 818 3158 raro
857 3088 1033 3177 attigisse,
1067 3083 1234 3154 ficticium
1277 3080 1280 3085 ’

143 3226 324 3295 nunquam
363 3214 600 3279 commentum
639 3231 730 3280 esse.
775 3212 893 3281 Patria
925 3212 1059 3280 sedicet
1092 3229 1134 3279 ac
1176 3208 1235 3276 do-

142 3330 288 3399 mestica
323 3332 415 3420 jura,
458 3331 676 3402 auditoribus
717 3339 837 3424 utpote
877 3335 1071 3423 notissima,
1112 3331 1235 3401 alienis

150 3539 301 3549 ..ῃ-..-

177 3634 629 3710 (1)Ρ111111.,11,1,1.11111.
650 3655 658 3697 ε

656 3735 810 3807 Postquam
824 3738 858 3794 nd
871 3737 986 3811 judices

337 3800 458 3859 Ventum
470 3809 522 3875 est,
537 3820 597 3864 non
611 3807 704 3877 potuit
719 3809 841 3879 cogitatu
853 3808 997 3881 proloqui,

337 3873 379 3929 lta
392 3889 458 3931 eum
474 3874 605 3934 timidum
617 3876 658 3934 ibi
673 3875 861 3951 obstupefecit
874 3882 982 3952 pudor.

178 3963 216 4035 (2)
234 3960 322 4031 ibid„
340 3964 368 4033 1,
383 3978 413 4019 v.
431 3966 539 4022 11161

338 4051 406 4109 iiiiii
423 4053 620 4126 1111116111,
635 4056 713 4128 quod
728 4057 765 4113 sit
776 4056 883 4115 1111111111
894 4056 1016 4130 legibus,

337 4122 469 4181 Rescindi
486 4140 568 4196 posse
582 4147 588 4182 :
606 4140 634 4184 11
647 4138 729 4200 turpe
742 4130 860 4201 tneeptu
872 4135 927 4187 111.

176 4211 218 4283 (3)
236 4207 372 4280 1111.,1.
393 4214 495 4270 tu-tu:

338 4299 397 4370 Ego
410 4301 534 4374 amplius
548 4303 765 4362 deliberandum
778 4321 883 4364 censeo
898 4323 905 4363 :

339 4371 394 4427 Res
410 4387 513 4444 magua
528 4381 583 4431 est.

180 4459 219 4529 (1)
237 4456 280 4516 Gi.
300 4457 455 4531 Ulpianus,
470 4460 508 4521 11.
525 4467 553 4534 3,
568 4464 582 4534 5
597 4464 623 4536 1,
638 4465 718 4535 mg„
733 4467 760 4538 1,
777 4466 803 4523 1.
