3172 5370
720 605 894 674 ..36-

262 789 323 858 liat
342 808 489 858 necesse
517 794 572 857 est
590 788 663 879 (1).
688 789 806 871 Quare
831 796 955 878 postea
983 790 1029 858 ad
1054 790 1175 858 dotem
1199 789 1353 870 rediens,
1378 791 1386 801 '

261 915 430 984 Chremes
448 914 498 983 ait
506 913 716 983 Menedemo
731 937 740 982 ε

559 1159 701 1180 .....
723 1117 787 1177 Gur
800 1134 865 1177 non
878 1116 997 1177 necersi
1006 1115 1101 1195 jubes

422 1211 548 1284 Filiam,
564 1217 597 1273 et
609 1211 690 1293 quod
702 1214 778 1274 dota
791 1213 875 1286 diei,
887 1214 1018 1274 firmas?

826 1310 965 1391 (Heaut,
979 1311 1018 1381 V,
1033 1311 1065 1390 5,
1079 1329 1110 1370 v.
1127 1309 1146 1369 3
1161 1313 1194 1371 et
1209 1309 1256 1388 l.)

307 1510 461 1598 Etenim,
482 1510 549 1578 etsi
575 1511 754 1579 oonsensit
779 1510 1024 1598 Menedemus,
1041 1515 1077 1578 et
1098 1508 1182 1578 Fiat
1205 1528 1354 1598 respon·

259 1635 375 1705 dendo
393 1636 454 1726 (V,
471 1637 503 1716 l,
519 1656 553 1703 v.
575 1634 654 1725 75),
673 1635 869 1705 Chremetis
880 1636 1079 1706 oonditione
1089 1636 1142 1706 uti
1164 1636 1263 1704 risus
1287 1640 1352 1722 est,

259 1766 377 1830 tamen
392 1759 452 1828 hie
464 1760 553 1828 nihil
562 1760 657 1829 aliud
667 1761 736 1828 nisi
749 1762 933 1830 eonsilium
942 1762 1118 1850 quoddam
1127 1760 1205 1848 luit,
1214 1759 1353 1848 quodin

258 1886 407 1954 alterum
433 1885 501 1953 cito
533 1885 746 1974 mutabitur3
770 1906 937 1974 namque,
967 1887 1014 1955 ad
1041 1906 1229 1973 summam,
1261 1885 1353 1954 bona

257 2011 375 2079 omnia
385 2009 457 2078 doti
473 2029 544 2078 non
556 2009 662 2077 dicet.
675 2009 906 2079 Menedemus
920 2016 1039 2079 autem
1056 2012 1101 2081 ab
1115 2031 1157 2079 eo
1165 2017 1309 2100 rogatur
1315 2015 1352 2079 ut

257 2133 367 2203 lilium
394 2134 517 2224 jubeat
539 2154 684 2203 uxorem
707 2134 897 2223 deducere,
921 2156 990 2224 quo
1018 2137 1123 2225 lacto,
1149 2137 1351 2226 nuptiisque

257 2259 437 2349 perlectis,
468 2259 599 2347 dotem,
625 2260 718 2348 quod
746 2261 919 2350 promisit,
945 2262 1070 2330 marito
1105 2261 1199 2330 dicet
1226 2284 1234 2328 :
1263 2261 1350 2329 nihil

256 2383 352 2452 enim
370 2384 539 2452 intererat
553 2389 672 2452 utrum
690 2404 830 2474 sponso,
845 2385 971 2475 anjam
978 2386 1117 2474 marito,
1132 2385 1196 2454 dos
1211 2386 1350 2454 dicere·

255 2514 313 2577 tur
333 2503 398 2603 (2).
419 2508 520 2590 Quod
541 2515 659 2577 autem
677 2509 726 2578 ita
743 2510 897 2599 loquitur
918 2533 925 2578 :
944 2510 1013 2580 Gur
1029 2532 1097 2580 noa
1108 2511 1261 2604 firmasti
1280 2531 1350 2579 non

255 2632 428 2723 signifieat
441 2633 680 2702 necessarium
688 2653 766 2702 esse
781 2640 821 2703 ut
836 2635 945 2724 patris
964 2634 1160 2705 intercedat
1174 2635 1348 2723 voluntas,

255 2778 338 2827 nam
372 2757 634 2847 filiusfamilias,
667 2760 774 2828 etiam
807 2761 916 2829 inrito
949 2766 1062 2850 patre,
1100 2761 1349 2851 obligationem

253 2883 437 2973 acquirere
447 2889 561 2973 potest
582 2879 653 2979 (3),
672 2884 736 2953 sed
749 2905 873 2954 revera
884 2884 1038 2956 firmabit
1051 2885 1169 2955 dotem
1179 2887 1349 2956 Gliremes

254 3006 409 3076 curando
443 3013 482 3076 ut
512 3006 605 3076 filius
632 3029 778 3078 uxorem
809 3009 981 3096 deducat3
1007 3015 1175 3098 tanquam
1202 3010 1350 3080 dixisset

253 3130 484 3201 Menedemus
507 3154 514 3200 :
535 3152 598 3201 eur
613 3133 762 3222 cogitata
778 3134 991 3223 consiliaque
1010 3141 1131 3204 nostra
1148 3155 1220 3204 non
1243 3155 1348 3209 ouras

250 3261 290 3325 ut
302 3253 441 3325 effectui
460 3256 614 3325 cedant‘l
630 3257 781 3326 deducta
797 3261 893 3327 enim
908 3279 1018 3329 uxore
1022 3260 1142 3349 ,quod
1155 3261 1222 3330 tibi
1233 3265 1348 3331 matu-

251 3399 332 3448 rare
350 3380 446 3465 lieet,
464 3380 535 3450 filio
549 3387 609 3451 tuo
623 3381 740 3451 dotem
759 3383 887 3453 dicam.

301 3505 353 3575 De
370 3505 639 3596 obligationibus
654 3527 733 3596 quae
758 3506 846 3577 fiunt
865 3509 1004 3599 litteris,
1029 3516 1064 3579 et
1050 3511 1133 3579 tde
1154 3493 1347 3616 codioeap·

253 3631 347 3721 cepti
359 3637 394 3700 et
413 3632 558 3721 expensi
573 3653 654 3702 1111111
670 3632 867 3703 videbimus
871 3655 1007 3724 ,quum
1023 3637 1116 3705 cirea
1134 3635 1235 3705 solut
1211 3641 1343 3706 tionem

252 3756 481 3825 morabimur.

284 4082 330 4188 (1)Ι
341 4113 440 4185 Gaius,
454 4113 594 4184 epitomes
606 4113 656 4174 lib.
672 4117 711 4189 ll,
726 4119 754 4188 l,
770 4117 784 4189 ᾗ
799 4122 824 4175 3.

283 4202 324 4273 (2)
341 4201 404 4271 11.,
422 4200 497 4259 ibid.

245 4288 321 4437 ‘eltg
341 4288 490 4362 Ulpianus,
518 4289 556 4349 11.
585 4294 631 4364 22,
665 4292 745 4366 big,
775 4294 810 4350 de
834 4293 1028 4354 solutionibus
1053 4304 1082 4356 ct
1109 4297 1340 4374 liberationibus,

283 4417 292 4452 ,
328 4416 336 4437 .

138 4844 352 5048 Α
