3172 5370
652 603 801 671 -9-

182 811 338 878 romano,
364 789 458 857 nulla
487 791 573 855 erat.
593 785 712 875 Neque
744 785 846 874 filius,
874 789 981 856 invito
998 794 1109 878 patre,
1143 787 1271 854 exstin-

183 935 392 1005 guere‘eum
417 916 537 1003 posset
564 912 624 1000 qui
641 933 762 980 seeum
788 914 825 981 in
851 913 976 980 eadem
999 917 1169 1002 potestate
1191 931 1272 978 vern

184 1047 291 1109 satur.

232 1166 352 1235 Nullus
370 1170 486 1233 autem
499 1164 750 1253 patrifamiliae,
766 1165 810 1232 ad
830 1164 1020 1232 tollendum
1035 1185 1197 1254 puerum,
1212 1187 1273 1235 vo-

183 1293 352 1360 luntatem
372 1289 573 1358 declarandi
586 1290 674 1356 ritus
694 1289 990 1375 eonstituelratur;
1015 1309 1093 1378 quae
1116 1292 1274 1360 solebant

184 1416 273 1504 fieri,
284 1436 434 1504 puerum
449 1415 582 1482 scilieet
596 1415 781 1482 anteferes
796 1435 927 1503 ponere
945 1419 980 1481 et
1002 1414 1148 1504 reliqua,
1166 1417 1273 1483 moris

185 1547 296 1628 erant,
313 1541 375 1608 sed
393 1541 452 1628 qui
460 1539 546 1607 nihil
560 1539 905 1608 haberetneeessarii
914 1559 1029 1628 neque
1037 1561 1100 1630 pro
1110 1542 1187 1631 lege
1199 1561 1274 1609 ous-

184 1666 366 1734 todiretur.

178 1855 182 1860 .
234 1791 307 1858 Etsi
320 1791 485 1879 quaelibet
502 1790 651 1878 suijuris
665 1788 805 1877 mulier,
817 1790 889 1857 sive
904 1791 1033 1859 nubilis
1042 1796 1107 1877 est,
1119 1791 1191 1858 sive
1202 1810 1273 1858 non

185 1917 334 2003 nubilis,
371 1916 559 1984 dummodo
592 1921 685 1984 recte
717 1920 869 2002 morata,
898 1916 1158 1984 materfamilias
1195 1917 1274 2004 jure

186 2039 379 2127 appellatur
397 2035 463 2133 (l),
505 2060 609 2108 amen
631 2060 811 2128 nunquam
829 2039 1040 2109 feminarum
1073 2045 1126 2108 est
1163 2040 1276 2128 patria

185 2169 349 2253 potestas²
378 2163 471 2230 unde
499 2165 629 2252 optimo
647 2164 832 2232 Terentius
863 2164 948 2231 dixit
976 2164 1272 2234 adolescentulam

185 2287 244 2356 sul
259 2287 399 2376 imperio
416 2308 494 2355 esse
513 2289 633 2356 matris
655 2310 662 2357 :

289 2505 296 2519 .
322 2506 326 2518 .
355 2508 361 2520 .
384 2461 493 2532 Mater,
512 2461 601 2540 eujus
616 2461 673 2522 sub
689 2461 820 2538 imperio
837 2469 893 2535 est,
911 2464 1003 2525 mala.

837 2559 971 2641 (Heaut,
988 2561 1023 2633 ll,
1041 2567 1070 2635 ἲ),
1087 2579 1116 2619 v.
1134 2559 1175 2640 l.)

186 2727 342 2794 Potestas
374 2726 468 2793 enim
500 2725 589 2814 juris
616 2725 725 2793 civilis
754 2732 808 2793 est
829 2727 1059 2805 vocabulum3
1086 2720 1274 2814 imperium

186 2856 303 2918 autem
322 2871 429 2918 sensu
441 2851 545 2918 latius
560 2855 668 2939 patet,
691 2851 783 2938 quod
794 2851 831 2917 in
847 2850 1016 2941 Adelphis
1030 2850 1148 2918 videas
1168 2871 1174 2915 ;

288 3071 294 3084 .
321 3072 328 3084 .
355 3071 362 3084 .
385 3025 476 3085 Errat
490 3024 596 3102 longe,
612 3042 682 3085 mea
697 3023 825 3102 quidem
840 3024 1004 3098 sententia,

286 3122 344 3194 Oui
359 3122 515 3201 imperium
531 3121 639 3182 eredat
653 3120 779 3199 gravius
794 3139 860 3181 esse
875 3127 930 3182 aut
944 3121 1098 3205 stabilius,

285 3221 323 3282 vi
338 3220 422 3298 quod
437 3220 483 3292 fit,
500 3238 595 3298 quam
610 3218 688 3280 illud
704 3219 789 3298 quod
804 3220 943 3281 amicitia
957 3220 1150 3299 adjungitur.

905 3319 941 3396 (l,
961 3325 988 3391 t,
1004 3339 1034 3378 v.
1054 3320 1175 3399 to-ta.)

236 3491 324 3561 Sunt
343 3492 465 3580 patriae
479 3493 658 3581 potestatis
676 3491 745 3560 duo
764 3493 933 3583 praeeipui
949 3494 1081 3562 fontes:
1096 3492 1276 3560 matrimo-
1291 3505 1317 3544 ⁰0
1330 3502 1419 3554 nourr·

187 3616 285 3682 nium
309 3616 443 3684 seilicet
469 3621 504 3683 et
527 3614 678 3705 adoptio,
702 3615 817 3697 Quum
836 3621 954 3684 autem
973 3615 1059 3683 nihil
1076 3616 1169 3703 apud
1190 3615 1277 3682 Nos-

187 3745 281 3808 trum
303 3741 520 3829 frequentius
551 3740 595 3807 sit
628 3761 732 3829 quam
760 3742 961 3831 nuptiarum
988 3741 1132 3828 mentio,
1159 3759 1276 3830 operae

185 3865 338 3953 pretium
381 3869 434 3932 est
464 3869 544 3932 ante
573 3865 689 3932 omnia
726 3885 884 3954 quaerere
908 3865 991 3953 quid
1022 3865 1092 3932 sint
1127 3866 1271 3954 nuptiae,

187 3989 271 4078 quid
286 3989 527 4058 necessarium
552 3990 596 4056 sit
611 3995 650 4058 ut
672 3990 938 4076 constituantur,
961 3989 1044 4079 quid
1063 4009 1146 4057 vero
1163 3994 1277 4086 exter·

529 4181 573 4186 —
998 4176 1268 4188 ——n———n—-d

223 4286 261 4354 (t)
281 4283 433 4354 Ulpianus,
449 4285 482 4340 tr.
499 4287 526 4354 4,
545 4286 617 4355 mg..
635 4288 669 4342 de
687 4287 729 4340 his
745 4289 792 4356 qui
808 4286 853 4342 sni
870 4285 910 4338 nd
927 4285 1012 4342 allent
1026 4287 1098 4356 jtnis
1113 4297 1189 4346 surr.
1208 4293 1232 4356 t,
1248 4291 1274 4357 ὓς

188 4381 216 4428 et
232 4373 266 4428 tr.
283 4377 328 4441 46,
343 4374 357 4445 5
372 4377 398 4446 t,
413 4375 449 4430 de
465 4383 611 4431 sertorum
628 4377 850 4445 significatione,
867 4377 910 4439 50,
928 4379 971 4431 tlt.
