3172 5370
634 606 813 674 ..21-

180 810 324 859 manum
341 788 558 858 convenisse.
576 788 668 857 Nam
693 790 724 858 si
743 795 863 859 contra
880 809 1016 860 morem
1033 794 1136 879 atque
1152 791 1267 881 legem

180 915 329 984 habetur
358 935 438 984 cum
465 914 652 1003 peregrina
672 916 938 1018 ⁸matrimonium
961 915 1179 1000 contrahere,
1199 936 1270 986 non

179 1059 266 1110 uxor
285 1045 338 1108 est
351 1039 502 1123 Andria,
518 1057 584 1106 nec
600 1038 638 1105 in
654 1039 926 1110 maritimarum
940 1038 1052 1129 potuit
1069 1040 1268 1110 convenire.

180 1165 356 1234 Praeterea
375 1186 446 1236 non
466 1167 568 1235 datur
588 1171 713 1240 marito
730 1187 880 1239 manus:
905 1171 1129 1260 consequitur
1156 1178 1273 1240 autem

182 1289 237 1358 ille
255 1311 333 1360 eam
343 1312 422 1380 usu,
432 1292 559 1383 farreo,
582 1300 642 1364 aut
658 1295 874 1385 coemptione
895 1293 953 1386 (1).
974 1295 1090 1378 Quare
1102 1295 1160 1365 hic
1177 1295 1273 1364 locus

181 1416 228 1485 ita
244 1417 469 1506 accipiendus
489 1425 562 1488 est:
581 1419 733 1510 Glycerii
746 1422 904 1489 dextram
914 1421 951 1489 in
960 1442 1076 1491 meam
1088 1422 1160 1511 dat,
1173 1421 1273 1511 quasi

181 1542 264 1612 fidei
281 1563 371 1612 meae
395 1545 547 1634 puellam
574 1546 869 1616 commendatura.
893 1546 968 1616 Nec
983 1534 1177 1636 quidquam
1185 1545 1273 1636 juris
1325 1612 1328 1619 .

181 1668 238 1736 hic
255 1669 380 1757 agitur,
402 1670 616 1740 verumfidei
636 1677 739 1760 atque
754 1671 928 1740 amicitiae.

230 1791 342 1861 Unam
373 1793 487 1880 adhuc
509 1795 597 1884 juris
618 1788 741 1886 ¹graeci
782 1795 939 1885 regulam
978 1794 1198 1885 offendimus,
1228 1797 1272 1866 de.
1285 1810 1443 1903 quffiffi·

183 1920 378 2006 stupratore
401 1918 564 1988 videlicet
587 1920 631 1988 ad
654 1920 793 2010 nuptias
816 1920 1077 2010 compellend03
1110 1921 1214 1990 aliam
1235 1922 1272 1990 in

181 2041 392 2111 Phormione
406 2044 564 2133 reperire
579 2049 632 2112 εει
646 2045 701 2113 his
721 2051 926 2135 conceptam
944 2067 951 2113 :

299 2217 363 2276 Lex
378 2219 425 2276 est
439 2219 475 2276 ut
488 2216 585 2288 orbae,
602 2216 744 2296 quisunt
758 2232 870 2294 genere
884 2217 1042 2292 proxumi,

301 2312 339 2374 lis
354 2312 485 2389 nubant,
501 2319 533 2375 et
546 2314 617 2374 illos
633 2313 746 2375 ducere
760 2314 870 2376 eadem
884 2313 953 2376 hacc
967 2314 1018 2376 lex
1029 2313 1132 2394 jubet.

860 2413 896 2494 (l,
914 2414 944 2488 2,
960 2433 991 2475 v.
1007 2417 1046 2479 75
1062 2418 1093 2475 et
1107 2414 1169 2495 76.)

182 2577 245 2646 Cui
265 2576 335 2666 legi
355 2581 627 2645 consentaneum
654 2582 707 2645 εει
733 2577 825 2666 quod
849 2577 886 2644 in
913 2576 1081 2667 Adelphis
1106 2577 1271 2648 AEschino

17 2745 22 2752 -
111 2773 112 2776 ,
182 2700 382 2771 filioramat
401 2720 536 2769 senex:

578 2865 651 2924 Haec
665 2864 753 2943 virgo
769 2863 847 2925 orba
861 2869 908 2925 est
920 2869 1021 2940 patre,

301 2961 358 3022 Hic
372 2978 460 3023 meus
475 2959 593 3020 amicus
607 2959 653 3020 illi
667 2978 780 3039 genere
794 2965 841 3022 cst
854 2979 1027 3040 proxumus
1043 2977 1051 3020 :

302 3059 380 3120 Huic
395 3059 479 3137 leges
493 3061 611 3136 cogunt
624 3057 742 3120 nubere
756 3057 848 3120 hanc.

862 3157 923 3238 (rr,
941 3162 969 3234 ε,
986 3177 1017 3219 v.
1035 3157 1072 3219 u
1087 3160 1118 3217 a
1131 3154 1170 3236 s.)

185 3321 305 3409 Itaque
335 3318 366 3386 si
394 3317 451 3386 cui
474 3317 533 3386 alii
558 3317 635 3388 haec
655 3318 751 3408 virgo
777 3321 965 3410 nupsisset,
991 3319 1133 3390 alterius
1156 3317 1273 3388 matri·

185 3444 301 3513 monio
330 3443 483 3512 debitam
504 3442 562 3510 ille
592 3443 732 3512 duxisse
760 3464 831 3512 non
845 3445 1019 3516 immerito
1043 3447 1268 3534 argueretur3

183 3569 276 3637 unde
295 3569 334 3636 in
352 3567 457 3635 simili
472 3586 588 3655 causa,
603 3566 646 3636 de
664 3587 733 3657 qua
755 3547 929 3639 disserere
950 3571 1093 3661 longum
1119 3572 1184 3652 est,
1202 3585 1273 3634 non

182 3692 410 3783 ineleganter,
426 3694 495 3761 imo
506 3712 642 3762 summa
658 3694 827 3764 brevitate
840 3702 1007 3767 aususcst
1016 3697 1133 3766 dicere
1143 3694 1273 3762 Teren·

182 3818 251 3886 tius
272 3839 279 3885 :

300 3970 360 4035 Cur
373 3972 463 4036 duxit
476 3973 625 4037 ole'euam‘l

777 4072 928 4158 (Adelph,
946 4073 994 4151 lv,
1014 4078 1043 4150 5,
1059 4093 1087 4138 ν.
1107 4074 1171 4153 38.)

218 4387 241 4456 (ι
277 4385 370 4455 Gaius,
386 4384 512 4444 'institut
530 4385 550 4456 l,
565 4389 578 4454 ς
595 4388 645 4442 ιιι)
662 4393 688 4442 ει
703 4401 766 4458 seq.
