3172 5370
568 599 743 668 ..37-

159 783 317 872 Denique
350 802 525 852 consensu
553 782 805 851 contrahuntur
827 782 1068 872 obligationes,
1089 789 1129 852 ut
1163 784 1201 851 in
1213 801 1272 887 “1¹33
1277 799 1415 888 5333333323
1422 852 1430 896 t

110 909 286 998 emptione
297 913 338 976 et
347 907 560 994 venditione,
573 907 743 976 locatione
759 912 795 975 et
807 906 1050 996 conductione,
1068 908 1111 977 de
1127 909 1201 997 qui·

111 1035 177 1105 bus
192 1033 285 1124 apud
303 1034 469 1103 Nostrum
488 1053 601 1122 pauca
618 1033 750 1122 passim
769 1032 939 1121 invenias,
961 1052 1082 1121 quum,
1100 1034 1200 1104 verbi

112 1159 235 1248 gratia,
264 1158 379 1227 vicino
409 1156 594 1226 confitetur
630 1177 739 1226 senex
766 1153 1099 1251 Ἑαυτοντιμοροὺμενος
1135 1178 1203 1247 quo

111 1304 227 1373 poenae
241 1303 372 1372 genere
391 1283 467 1372 ipse
485 1303 523 1351 se
540 1281 669 1352 afficiat
691 1304 698 1350 :

250 1496 397 1578 Ancillas,
413 1517 558 1560 servos...

254 1599 370 1660 Omnes
381 1594 518 1674 produxi
533 1614 569 1657 oc
586 1593 717 1657 oendziii.
733 1590 880 1670 inscripsi
895 1590 982 1654 iliioo

252 1695 343 1758 AEdes
356 1692 498 1756 mercede.

819 1793 856 1871 (Ι,
874 1793 903 1865 i,
919 1813 949 1855 v.
965 1793 1004 1858 90
1020 1798 1052 1855 et
1065 1793 1107 1876 s.)

113 1996 251 2065 Merces
275 2014 404 2084 nempe
422 1997 565 2062 vocatur
583 1992 677 2081 quod
700 1993 845 2062 locatori
861 1994 1052 2064 conductor
1068 1993 1203 2063 solvere

70 2173 74 2180 .
113 2121 231 2191 debet.
261 2120 465 2189 Mandatum
491 2142 629 2211 quoque
667 2122 705 2189 in
732 2122 856 2190 eadem
893 2120 1011 2190 sabulo
1047 2140 1367 2196 comme-‹nmmos›

112 2251 280 2333 moratur,
312 2245 446 2314 scilicet
465 2246 622 2315 mandati
645 2246 758 2317 forma
778 2242 945 2336 quaedam'
967 2265 1046 2335 quoe
1078 2245 1204 2314 dicitur

111 2371 271 2460 pecuniae
291 2368 477 2438 credendae
499 2391 507 2438 :

329 2566 410 2640 Quid
424 2565 512 2629 mea?
527 2587 603 2630 num
616 2567 694 2629 mihi
709 2567 818 2629 dotum
830 2571 898 2630 est?

251 2667 331 2727 Num
346 2663 440 2734 iussi?
457 2709 597 2726 .....

772 2764 833 2844 (ιν,
849 2764 878 2839 5,
895 2783 924 2826 v.
944 2765 980 2826 ie
995 2771 1027 2827 et
1043 2766 1104 2848 m.)

113 2972 151 3042 Si
176 2973 253 3062 quis
282 2972 376 3040 enim
401 2972 584 3061 jussisset,
617 2972 777 3060 pecuniae
808 2972 994 3043 credendae
1023 2973 1206 3043 mandator

114 3097 305 3166 exstitisset
329 3119 336 3166 :
364 3099 423 3186 qui
438 3097 636 3186 fidejussori
653 3097 850 3166 simillimus
870 3103 934 3187 est,
956 3099 1025 3167 nisi
1040 3098 1132 3188 quod
1146 3098 1203 3169 ille

114 3243 299 3313 consenso,
314 3223 372 3291 hio
391 3223 510 3294 verbis
524 3223 710 3312 obligatur.

164 3347 245 3415 Non
270 3346 383 3415 solum
402 3367 422 3414 e
445 3351 639 3434 contracto,
660 3367 784 3415 verum
804 3347 948 3416 etiams
974 3346 1100 3417 delicto
1120 3368 1203 3416 nas·
1217 3385 1250 3428 ,ο
1265 3383 1389 3426 semu..

113 3477 238 3540 cuntur
254 3472 496 3562 obligationes,
509 3470 618 3539 veluti
637 3470 668 3538 si
681 3471 737 3540 cui
747 3470 880 3540 furtum
900 3470 955 3540 vel
971 3471 1098 3559 injuria
1109 3471 1204 3539 illato

112 3597 170 3666 sit.

254 3838 391 3854 .....
415 3793 472 3856 Hic
486 3792 613 3875 fortiss
627 3790 763 3872 adliget!

754 3889 864 3972 (Eun,
882 3891 931 3968 iv,
947 3890 978 3971 7,
992 3910 1024 3954 v.
1041 3891 1105 3972 39)

116 4095 169 4163 Ita
178 4092 332 4181 erumpit
341 4089 491 4179 Gnatho,
506 4110 613 4179 quum
630 4091 803 4181 virginem
816 4091 1031 4161 aChremete
1047 4089 1203 4180 defendi,

114 4224 216 4308 atque
231 4218 301 4286 vim
318 4215 514 4306 propulsari
529 4216 646 4284 sentit.
669 4216 814 4284 Furtum
832 4215 891 4303 ait,
915 4234 983 4283 nec
1002 4213 1202 4283 immerito:

115 4363 266 4431 namque
284 4341 350 4410 etsi
360 4341 490 4409 furtum
506 4345 559 4408 est
573 4341 797 4410 contrectatio
815 4340 880 4429 rei,
893 4344 1012 4409 tamen
1024 4358 1205 4413 servorum
