3172 5370
648 606 802 655 -0-.

177 795 268 860 nme,
296 793 411 861 neque
435 773 691 862 coemptionem
706 772 844 842 fiduciae
862 795 980 862 causa,
998 775 1061 844 sed
1078 774 1268 865 puellulam

178 899 424 969 citharistriam
456 897 573 966 lenoni
599 899 824 985 servientem,
854 919 958 986 quam
983 901 1067 968 emit
1086 900 1264 987 Phormi0,

178 1043 277 1091 suam
299 1023 425 1090 factam
451 1021 604 1104 abducit,
624 998 699 1090 tum
726 1023 951 1107 manumittit,
969 1045 1014 1092 ne
1036 1044 1137 1092 serva
1155 1025 1269 1093 aliena

178 1147 241 1215 sed
272 1146 467 1215 concubina
487 1146 599 1214 libera
617 1145 779 1214 Phaedria
796 1147 960 1236 potietur.
977 1149 1109 1217 Verum
1124 1169 1170 1217 ne
1190 1150 1268 1238 quis

178 1273 353 1339 existimet
367 1271 446 1339 ideo
459 1272 631 1360 propriam
661 1271 730 1339 diei
751 1272 923 1341 Phaedria
945 1272 1164 1363 Pamphilam
1186 1276 1269 1363 quia

176 1396 233 1463 ille
251 1396 357 1462 herus
373 1395 447 1482 ejus
459 1395 570 1463 factus
585 1396 642 1482 sit,
657 1416 759 1464 enarro
773 1402 890 1464 autem
905 1396 1060 1466 emissam
1075 1398 1267 1486 quiaman·

177 1519 349 1608 cipatione
385 1519 428 1586 de
454 1539 561 1586 manu
588 1523 623 1586 et
645 1523 815 1607 potestate
838 1519 975 1588 lenonis
996 1515 1048 1614 (1)
1068 1520 1106 1589 iu
1124 1521 1266 1591 alterius

176 1644 369 1712 dominium
388 1643 578 1729 transierit,
604 1648 683 1710 ante
715 1645 831 1712 omnia
857 1665 1131 1714 commemorare
1152 1646 1261 1735 juvat,

174 1789 238 1857 per
252 1773 454 1836 extraneam
468 1787 655 1856 personam
672 1768 758 1836 nihil
773 1771 907 1856 acquiri
921 1766 968 1861 (Ξ)
988 1791 996 1856 ;
1014 1770 1151 1857 quodsi
1167 1771 1266 1841 Phae·

176 1893 260 1962 driae
279 1893 603 1981 puellamancipata
617 1897 721 1981 esset,
746 1893 804 1961 hie
815 1895 906 1981 patri
919 1915 981 1962 suo
994 1895 1246 1983 acquisivisset.

224 2019 284 2086 Est
310 2019 416 2086 etiam
438 2039 668 2106 personarum
694 2019 762 2086 alia
792 2019 914 2087 divisio
948 2042 955 2087 :
981 2021 1142 2108 quaedam
1170 2023 1391 2090 enim⁰⁰⁸⁰d¹³·

175 2144 229 2210 sui
245 2143 333 2230 juris
349 2147 442 2229 sunt,
462 2141 622 2229 quaedam
641 2142 755 2209 alieno
778 2143 849 2231 juri
868 2144 1047 2233 subjectae,
1067 2144 1159 2212 inter
1179 2163 1264 2232 quas

174 2265 384 2335 numerandi
399 2270 481 2333 sunt
497 2265 601 2332 servi.
630 2265 787 2333 Dominis
807 2267 845 2333 in
866 2286 996 2355 servos,
1017 2269 1172 2337 Terentii
1185 2270 1264 2357 qui·

174 2392 255 2459 dem
269 2397 441 2481 tempore,
459 2392 538 2459 vitae
551 2392 718 2480 necisque
731 2397 884 2482 potestas
902 2393 1135 2483 competebat,
1155 2394 1264 2463 multo

173 2517 283 2605 magis
302 2517 457 2605 corporis
472 2517 648 2603 coercitio,
663 2518 750 2584 utin
765 2517 981 2587 Andriahaec
994 2518 1146 2588 Simonis
1156 2519 1264 2588 verba

172 2646 372 2709 testantur:

170 2805 359 2867 Verberibus
370 2825 485 2866 caesum
497 2811 538 2882 te,
551 2809 644 2882 Dare,
654 2807 685 2866 in
692 2807 1084 2888 pistrinumdedamusque
1095 2809 1259 2871 adnecem.

959 2903 994 2983 (Ι,
1011 2909 1041 2978 9,
1057 2925 1088 2966 v.
1098 2904 1162 2986 98.)

170 3059 205 3121 et
224 3055 391 3123 ulterius:

170 3219 251 3278 Gora
265 3219 494 3280 adservandum
509 3220 659 3292 vinctum,
730 3222 966 3301 quadrupedem
981 3225 1197 3305 constringite.

941 3321 987 3403 (V,
1004 3325 1034 3397 i,
1049 3343 1079 3384 v.
1096 3323 1160 3406 il.)

168 3470 294 3538 Itidem
314 3490 432 3538 servos
451 3471 488 3536 in
506 3472 734 3558 quaestionem
751 3474 909 3564 polliceri
929 3476 1090 3547 dominus
1111 3484 1258 3568 poterat,

168 3615 235 3682 quo
246 3596 325 3683 jure
336 3595 483 3664 Bacchis
500 3596 537 3663 in
550 3597 689 3686 Hecyra
710 3600 819 3667 utitur
842 3621 849 3667 :

165 3771 301 3832 Ancillas
317 3772 396 3833 dedo
414 3792 420 3832 :
438 3774 590 3852 quolubet
605 3777 743 3836 cruciatu
758 3795 815 3853 per
830 3797 879 3839 me
894 3779 1035 3859 exquire.

960 3877 1007 3955 (V,
1020 3880 1048 3951 9,
1064 3897 1095 3938 v.
1112 3876 1155 3955 7.)

175 4052 522 4068 *mm-t.

201 4176 241 4238 tlt
263 4173 410 4244 Ulpianus,
422 4175 457 4232 lr.
476 4177 502 4245 l,
519 4177 598 4247 Dig.,
615 4178 650 4234 de
658 4178 770 4248 justitia
783 4187 811 4236 et
819 4182 896 4251 juro,
912 4182 935 4254 l,
956 4187 966 4238 l
983 4200 1019 4239 :a
1039 4183 1173 4251 Quaodiu
1188 4190 1253 4258 quis

166 4263 196 4318 in
212 4268 349 4335 potestate
364 4271 417 4332 est,
431 4268 527 4320 monui
541 4271 567 4321 et
576 4271 704 4337 potestati
717 4271 882 4340 suppositos
896 4281 949 4327 est.
972 4292 984 4323 ι

201 4349 637 4424 (ηὒὼὴΜώΜᾸῄἓῶ.
