3172 5370
661 599 815 666 -3-

188 781 556 870 aliudrequiriturnisi
567 787 605 850 ut
620 782 794 870 dominae,
811 755 927 852 eoram
947 787 1108 874 testibus,
1128 787 1281 856 volunta-

187 911 260 973 tem
274 927 374 975 suam
387 906 542 975 declaret
559 929 567 993 ;
590 927 657 976 nec
677 908 795 977 verbis
816 906 900 977 liber
923 919 1003 992 esto,
1031 931 1108 998 qum
1134 918 1169 979 et
1187 915 1280 1003 apud

187 1029 349 1100 Plautum
367 1032 591 1121 reperiuntur
612 1027 675 1125 (i),
697 1032 748 1100 uti
763 1038 839 1101 erat
861 1036 1101 1104 necessarium
1118 1031 1178 1129 (2).
1207 1038 1281 1106 Hoo

188 1161 306 1224 autem
342 1156 692 1249 animadvertendum
727 1158 929 1238 estestrieto
956 1158 1034 1247 jare
1063 1180 1133 1229 non
1164 1161 1280 1230 valere

189 1281 268 1371 Syri
292 1280 622 1367 manumissionem
649 1260 838 1350 nonenim
864 1282 1019 1372 legitime
1039 1285 1131 1352 servi
1160 1287 1282 1355 manu·

189 1406 418 1476 mittebantur
445 1406 514 1475 nisi
540 1406 705 1494 vindicta,
735 1412 795 1475 aut
822 1428 943 1497 censa,
970 1414 1030 1476 out
1057 1415 1277 1481 testamento.

191 1533 299 1623 Syrus
324 1553 419 1623 ergo,
450 1532 586 1622 privata
610 1532 741 1602 domini
768 1531 945 1602 voluntate
971 1536 1220 1625 manumissum
1245 1539 1282 1606 in

189 1658 349 1729 libertate
361 1657 503 1747 quidem
520 1658 732 1746 morabatur,
755 1659 818 1726 sed
827 1658 905 1746 jure
919 1658 1108 1740 Quiritium
1119 1663 1284 1732 manebat

191 1804 312 1852 servus
337 1779 391 1878 (3)
409 1805 417 1869 ;
440 1789 680 1851 verumtamen
696 1783 726 1851 si
745 1782 907 1851 dominus
925 1805 1006 1852 eum
1028 1785 1064 1852 in
1081 1787 1283 1855 servitutem

191 1909 370 1978 retrahere
394 1912 557 1995 tentaret,
582 1908 809 1975 interveniret
834 1913 962 1997 praetor
977 1909 1075 1998 eujus
1097 1911 1224 1979 auxilio
1250 1913 1286 1979 in

190 2035 362 2104 libertatis
380 2034 492 2102 forma
508 2039 706 2102 servaretur
726 2029 794 2127 (4)
821 2033 902 2101 Istae
926 2054 1009 2102 vero
1030 2034 1118 2122 juris
1143 2038 1287 2126 argutiae

192 2180 262 2228 non
278 2160 326 2227 ita
338 2159 447 2227 multo
460 2165 539 2248 post
552 2158 706 2228 Terentii
722 2164 871 2227 mortem
886 2166 1131 2247 cessaverunt3
1155 2164 1285 2230 etenim

192 2305 283 2354 anno
304 2284 348 2353 ab
360 2283 456 2352 Urbe
468 2283 871 2352 conditasexcentesimo
884 2285 1141 2374 septuagesimo
1158 2288 1284 2376 primo,

192 2416 230 2479 ut
248 2409 383 2498 opinor,
400 2408 478 2497 lege
492 2408 595 2476 Junia
612 2407 779 2478 Norbana
799 2413 939 2477 cautum
959 2415 1012 2477 est
1030 2415 1069 2477 ut
1083 2411 1143 2499 qui
1166 2432 1288 2480 servus

192 2535 284 2603 inter
309 2533 441 2602 amicos
466 2531 784 2621 manumitteretur,
809 2534 899 2603 liber
914 2533 1057 2622 quidem
1080 2536 1147 2602 sed·
1161 2536 1288 2605 latinus

193 2660 294 2729 tieret
314 2655 383 2752 (5).

242 2784 1282 2875 Exhisapparetdominumnonpossearbitriosuoservum,

194 2929 413 2998 quocumque
429 2910 533 2978 modo
545 2909 813 2997 manumissum,
826 2910 863 2977 in
878 2911 1080 2979 servitutem
1099 2912 1269 2981 reducere
1338 2934 1342 3017 )

194 3036 320 3103 Errant
332 3035 437 3124 igitur
447 3034 621 3123 quisosie
628 3035 856 3125 patronumin
864 3035 998 3103 Andria
1009 3036 1137 3105 dixisse
1147 3038 1281 3107 volunt.
1339 3058 1343 3121 j
1396 3076 1429 3095 ··
1471 3050 1473 3057 '
1533 3065 1538 3075 ¹

332 3191 404 3252 Feci
418 3210 457 3252 ex
471 3209 559 3252 servo
574 3196 610 3252 ut
624 3210 705 3252 esses
719 3191 850 3253 libertus
864 3191 952 3263 mihi,
1327 3156 1340 3265 (
1370 3134 1377 3163 r
1411 3274 1416 3283 Ι
1444 3250 1447 3259 ,
1485 3264 1489 3275 .

520 3336 527 3349 .
554 3335 560 3349 .
586 3334 593 3349 .
616 3289 699 3350 ltoted
710 3298 790 3350 muto
803 3290 917 3371 foetum
931 3292 988 3370 (6).

875 3386 911 3467 (Ι,
929 3388 957 3462 t,
973 3407 1004 3448 v.
1022 3388 1059 3450 to
1075 3394 1105 3450 et
1121 3390 1185 3470 i3.)

1308 3368 1317 3421 ,¹

202 3569 257 3578 ·--·-
271 3572 275 3576 *
296 3571 310 3576 ·-
341 3571 362 3576 -—
379 3569 635 3577 ·—··--——-——--·—--
841 3567 1281 3581 ——·-——-————-—

231 3667 272 3734 (t)
290 3664 430 3736 Epidtuts,
450 3665 479 3733 t',
496 3681 525 3732 u,
539 3668 587 3732 ot;
602 3663 716 3720 narrat
727 3690 733 3712 ι
744 3665 762 3733 i,
774 3662 806 3726 V,
825 3680 869 3732 tu,
886 3662 929 3732 te,
945 3670 971 3718 ot
986 3661 1018 3732 V,
1036 3678 1075 3734 rx,
1091 3666 1139 3720 st.
1322 3647 1343 3718 f

231 3756 271 3821 (2)
290 3753 359 3810 Vide
375 3763 473 3808 uotam
489 3759 505 3809 3
519 3752 607 3808 infra.
623 3744 657 3761 '‘

232 3842 272 3913 (3)
291 3842 493 3912 Fragmentum
514 3841 550 3897 do
572 3834 848 3895 manumissionibus
862 3834 989 3893 cervino
1004 3834 1137 3892 Scaevolae
1156 3837 1283 3908 adserip-

202 3938 274 3999 tum,
287 3935 329 3999 §t
346 3949 353 3986 :
372 3950 385 3983 ι
402 3931 437 3987 tn
451 3938 548 3988 autem
562 3931 612 4002 qui
627 3928 738 3986 domiui
752 3926 888 3983 voluntate
908 3925 941 3982 iu
956 3924 1088 3982 libertato
1103 3931 1194 3993 erunt,
1219 3944 1284 3983 ma·

196 4021 303 4079 nebant
314 4019 401 4078 servi.
417 4041 431 4072 a

232 4109 269 4184 (t)
289 4109 382 4173 lbid.,
398 4119 426 4166 et
440 4109 538 4182 Gaius,
558 4109 682 4166 Instituit.
704 4107 755 4173 ΙΙΙ,
775 4109 788 4174 5
808 4105 852 4160 to.

233 4203 273 4268 (t)
293 4200 494 4269 Fragmentum
511 4201 544 4255 de
560 4194 847 4264 manumissionibus,
862 4195 874 4261 5
888 4195 919 4251 6.

231 4289 272 4362 (6)
289 4287 335 4344 Gi.
353 4287 473 4358 Adelph.
494 4289 669 4359 tt‚u1‚ts:

339 4377 433 4434 Placet
448 4376 498 4434 tibi
512 4377 630 4443 ructon,
647 4372 750 4430 biieio‘?
766 4401 799 4414 -
813 4370 853 4428 bi.
880 4371 981 4441 bonni
998 4384 1101 4440 quzam
1117 4374 1243 4427 nutari.
