3172 5370
767 610 945 681 ..34-

317 795 409 864 Sane
436 795 578 884 quidem
597 797 631 864 ci
658 796 864 866 contrahere
895 798 1142 888 obligationem
1168 802 1253 871 licet
1270 796 1337 894 (1),
1360 807 1405 889 et,

315 921 471 990 Terentii
487 926 659 1011 tempore,
670 922 757 990 nibil
774 922 889 992 obstat
907 925 1043 1012 quinci
1060 927 1211 1014 pecunia
1224 927 1405 1012 credatur3

316 1066 468 1137 namque
491 1047 829 1117 senatusconsultum
848 1048 1151 1142 Macedonianum,
1175 1071 1244 1142 quo
1264 1053 1408 1122 vetitum

317 1177 433 1242 estne
450 1173 668 1243 filiofamilias
681 1180 802 1244 mutuo
817 1176 968 1264 pecunia
986 1176 1140 1266 daretur,
1168 1197 1240 1247 non
1259 1178 1330 1247 uisi
1346 1177 1408 1247 sub

225 1333 227 1337 ν
317 1298 527 1388 imperatore
544 1298 687 1369 Claudio
710 1300 840 1369 iactum
865 1306 940 1386 est,
965 1301 1199 1392 periculosum
1236 1322 1323 1372 vero
1345 1302 1410 1372 hoc

317 1421 357 1492 lit
390 1422 468 1514 lege
498 1423 672 1512 Plaetoria,
693 1446 764 1514 qua
793 1426 988 1516 puniuntur
1022 1428 1083 1517 qui
1103 1429 1259 1497 minores
1288 1427 1410 1518 viginti

320 1547 473 1637 quinque
504 1550 606 1617 annis
637 1550 988 1641 circumscripsenmt
1016 1548 1080 1644 (2).
1113 1552 1167 1622 Ne
1186 1552 1265 1641 quis
1293 1555 1410 1620 autem

321 1673 468 1742 miretur
493 1694 556 1743 cur
580 1693 660 1743 eam
684 1675 801 1766 legem
826 1675 915 1745 Geta
930 1696 1001 1745 non
1019 1677 1172 1766 objiciat,
1192 1676 1411 1746 animadver-

323 1799 468 1869 tendum
496 1807 551 1869 est
574 1819 657 1868 eum
683 1820 754 1870 non
780 1821 883 1891 posse
917 1801 1050 1892 fingere
1084 1801 1307 1890 creditorem,
1336 1801 1411 1890 ipso

322 1929 509 2014 praesente,
523 1931 680 1994 mutuam
693 1926 880 2015 pecuniam
894 1925 1022 2014 dando,
1043 1924 1302 1995 filiumfamilias
1319 1924 1412 1993 deci-

323 2069 409 2139 pere
427 2051 602 2140 potuisse3
622 2070 706 2141 ergo
723 2051 790 2120 boc
807 2056 943 2120 tantum
957 2051 1041 2120 dicit
1063 2073 1070 2119 :
1093 2052 1175 2141 quia
1192 2057 1294 2141 pater
1306 2070 1328 2119 a
1342 2049 1412 2118 filio

325 2195 396 2245 non
412 2176 597 2266 obligetur,
617 2196 660 2247 eo
675 2179 753 2247 vivo
771 2178 951 2246 neminem
964 2178 1118 2250 voluisse
1138 2176 1300 2247 credere.

104 2349 141 2395 na
157 2344 313 2396 annona)
375 2305 553 2376 Hactenus
570 2305 614 2374 de
631 2304 899 2394 obligationibus
909 2323 987 2392 quae
999 2324 1038 2372 re
1049 2303 1312 2372 contrahuntur.
1330 2297 1416 2372 Ver·

326 2434 381 2504 bis
399 2437 518 2502 autem
527 2429 690 2519 obligatio
701 2427 752 2516 fit,
763 2435 803 2498 ut
818 2428 1053 2519 stipulatione,
1065 2435 1126 2498 aut
1137 2429 1227 2498 dotis
1245 2428 1412 2498 dictione.

326 2560 344 2630 J
346 2579 403 2627 am
419 2558 457 2626 in
470 2554 690 2646 sponsalibus
706 2554 977 2644 stipulationem,
991 2554 1029 2623 id
1043 2561 1097 2623 est
1109 2554 1418 2644 interrogationem

328 2690 364 2754 et
374 2681 652 2774 responsionem,
673 2679 835 2751 adhiberi
848 2681 999 2749 vidimus
1009 2676 1072 2774 (3).
1084 2681 1224 2749 Etenim
1242 2678 1418 2769 stipulatio

329 2829 400 2879 non
417 2814 471 2877 est
488 2826 599 2898 genus
617 2805 792 2897 quoddam
807 2811 1017 2894 contractus,
1029 2811 1067 2874 nt
1082 2811 1257 2894 mutuum,
1273 2806 1417 2896 pignuS,

331 2935 461 3025 emptio
479 2932 644 3020 venditio,
671 2931 735 3000 sed
758 2931 913 3021 legitima
943 2930 1178 3020 solemnisque
1210 2931 1323 2999 forma
1351 2951 1422 3020 qua

330 3059 425 3128 licita
433 3056 788 3147 quaelibetconventio
798 3056 878 3145 jure
888 3053 1075 3136 Quiritium
1084 3056 1221 3125 valebat
1233 3060 1269 3124 et
1282 3056 1421 3125 actione

331 3179 568 3253 muniebatur.
582 3182 758 3269 Ceterum,
773 3179 1087 3269 apudTerentium,
1101 3180 1187 3248 nihil
1200 3179 1295 3249 aliud
1314 3199 1422 3268 quam

332 3313 546 3379 memoratur
557 3306 751 3396 stipulatio,
772 3325 854 3396 qua,
870 3305 1029 3396 plurimis
1047 3306 1085 3373 in
1102 3306 1200 3392 locis,
1218 3304 1333 3374 Plauti
1346 3325 1426 3394 per·

334 3454 428 3507 sonae
446 3439 592 3504 utuntur
611 3426 679 3526 (4).

99 3599 134 3644 na
147 3592 322 3641 uiciniae..)
383 3561 496 3631 Dietio
531 3557 691 3649 quaedam
720 3557 809 3626 dotis
837 3558 875 3625 in
908 3556 1042 3625 Andria
1069 3560 1135 3643 est,
1166 3554 1427 3643 Juriseonsultis

374 3893 415 3960 (¹)
434 3891 532 3951 Gaius.
549 3888 582 3946 lr.
604 3894 648 3951 32,
675 3887 754 3958 big,
780 3887 816 3943 de
837 3885 1060 3957 obligationibus
1081 3893 1109 3941 et
1131 3883 1301 3951 actionibus
1318 3883 1363 3954 ll,
1387 3887 1428 3941 7:

340 3979 628 4037 «Filiuslumilius...
644 3985 781 4049 tanquam
796 3975 997 4048 paterfamilias
1007 3973 1160 4047 obligatur.
1178 3993 1191 4025 ι

374 4074 415 4143 (2)
435 4069 479 4128 Εἰ.
497 4066 655 4136 Pseudolus,
669 4066 692 4134 l,
704 4071 732 4139 3,
746 4081 773 4121 v.
788 4069 822 4122 09
836 4071 866 4122 et
878 4069 933 4122 70:

580 4191 729 4210 .....
748 4153 801 4209 lex
812 4169 859 4209 me
872 4153 964 4224 perdit
976 4151 1239 4226 quinaiicenuariu!

568 4226 703 4286 Metuunt
715 4225 829 4282 eredere
840 4239 952 4283 omues.

377 4318 415 4388 (3)
434 4317 500 4388 eug.
521 4317 635 4375 {letti
653 4331 752 4389 supra.

378 4408 419 4474 (a)
439 4405 517 4472 tilde,
529 4403 651 4478 exempli
665 4404 867 4477 gutincourt)
889 4403 1020 4476 ,ll',·,v.
1034 4408 1101 4476 ⁴¹83
1114 4403 1233 4473 Putant,
1246 4399 1278 4471 il,
1290 4405 1316 4469 a,
1328 4415 1356 4454 r.
1376 4406 1429 4459 38.

248 4896 429 5032 A
