3172 5370
792 590 969 658 ..32-

336 776 428 864 quod
442 776 543 844 aliter
561 794 632 843 non
646 775 851 864 explicatur,
868 793 950 842 narn
965 773 1025 862 qui
1037 775 1193 864 pignoris
1207 796 1312 848 causa
1331 801 1433 848 man-

338 899 485 988 cipatur‚
506 899 539 966 ei
558 919 661 987 aquo
678 899 849 967 alienatur
863 917 933 966 non
948 898 1116 971 succedit.
1135 900 1294 971 Creditor
1309 911 1430 974 autem

334 1043 398 1113 pro
417 1024 613 1093 arrhabone
636 1024 810 1114 virginem
826 1023 960 1110 habuit,
983 1028 1099 1113 atque,
1122 1030 1160 1094 ut
1175 1026 1283 1116 Syrus
1297 1029 1348 1098 ait
1369 1052 1376 1098 :

573 1180 660 1240 Hanc
675 1197 783 1241 secum
797 1179 860 1240 huc
875 1178 1008 1241 abduxit
1011 1223 1151 1241 .....

936 1275 1076 1358 (deaut,
1103 1278 1153 1354 lll,
1169 1279 1199 1353 3,
1216 1298 1244 1342 v.
1261 1279 1326 1363 ta.)

336 1433 476 1503 Etenim
490 1432 584 1522 apud
601 1433 776 1501 Romanos
803 1431 968 1500 creditori
985 1432 1113 1503 licebat
1123 1433 1316 1505 obaeratum
1334 1439 1432 1528 apud

336 1578 374 1626 se
393 1557 538 1647 ducere,
556 1557 650 1646 quod
666 1557 830 1627 Phormio
847 1561 994 1626 testatur
1012 1580 1018 1625 :

676 1762 684 1777 .
709 1758 717 1776 .
748 1761 754 1775 .
779 1762 787 1774 .
809 1714 1128 1778 Ducentdamnatum
1142 1716 1295 1781 domum:

571 1812 661 1874 hiere
675 1813 788 1873 nolunt
801 1812 961 1874 hominem
977 1812 1116 1875 edacem.

856 1909 1002 1991 (Phorm,
1019 1911 1055 1985 ll,
1069 1917 1099 1984 ⁶2,
1114 1929 1145 1973 v.
1163 1914 1198 1974 90
1213 1917 1245 1973 et
1259 1914 1324 1993 tl.)

335 2065 427 2148 Quin
449 2067 555 2135 etiarn
595 2066 674 2155 jure
704 2065 771 2133 XII
800 2065 1011 2135 Tabularum
1042 2071 1203 2155 poterant
1233 2067 1427 2137 creditores

334 2191 530 2262 debitorem
548 2192 723 2279 occidere,
745 2195 849 2279 atque
873 2191 921 2259 ita
944 2191 1135 2260 laceratum
1155 2192 1247 2261 inter
1274 2213 1311 2261 se
1335 2194 1427 2262 divi-

334 2319 418 2386 dere
459 2316 536 2410 (1);
571 2316 664 2405 quod
694 2317 731 2384 in
766 2316 1034 2385 desuetudinem
1055 2317 1262 2406 jamdudum
1295 2318 1426 2388 abiisse

334 2443 461 2532 jocosis
489 2442 712 2511 Phormionis
735 2441 853 2510 verbis
874 2440 997 2531 liquet.
1025 2441 1106 2510 Non
1132 2462 1215 2532 ergo
1244 2449 1425 2513 contractu

248 2599 250 2602 ·
332 2571 484 2660 quodam
498 2571 725 2661 oppignerata
742 2576 807 2658 est,
823 2570 886 2639 sed
904 2571 1014 2660 ipsius
1035 2571 1122 2659 juris
1149 2572 1280 2661 regulis
1301 2573 1427 2641 arrha-

330 2696 415 2766 boni
430 2697 595 2766 creditori
608 2697 705 2782 data;
723 2716 793 2764 non
807 2716 828 2765 a
841 2696 970 2784 vetula,
988 2695 1072 2765 dum
1086 2697 1237 2785 vivebat,
1255 2697 1420 2788 obligata,

330 2840 453 2891 verum
477 2841 497 2890 a
512 2821 676 2890 defuncta
695 2820 801 2889 heres
819 2826 923 2909 atque
938 2821 1089 2890 debitrix
1105 2822 1241 2891 relicta.
1268 2821 1419 2905 Idcirco

330 2946 361 3014 si
387 2946 558 3016 creditam
585 2947 800 3036 pecuniam,
832 2945 1018 3014 Bacchidis
1048 2950 1087 3014 ut
1119 2947 1267 3036 gratiam
1298 2947 1419 3035 iniret,

330 3071 490 3139 solvisset
509 3073 542 3139 ei
564 3071 706 3159 CliniaS,
726 3092 797 3140 non
817 3071 1033 3160 mancipium
1057 3091 1175 3138 emere
1196 3072 1291 3141 visus
1311 3077 1419 3160 esset,

331 3193 395 3262 sed
422 3193 549 3283 virgini
583 3193 766 3262 novatione
801 3193 953 3262 creditor
987 3192 1113 3262 effici:
1148 3194 1293 3283 jubente
1324 3196 1421 3264 enim

331 3316 519 3405 Bacchide,
538 3318 630 3406 quod
649 3320 682 3386 ei
699 3318 894 3388 debebatur
917 3318 985 3388 sibi
1004 3319 1079 3386 dari
1106 3319 1289 3409 stipulatus
1310 3324 1419 3390 esset.

331 3437 432 3520 Quod
449 3439 480 3507 si
498 3439 666 3509 Chremes
682 3442 870 3531 pecuniam
883 3445 1057 3528 numerat,
1086 3460 1158 3509 non
1177 3441 1421 3541 adolescentu7

329 3562 400 3632 lam
435 3565 635 3633 manumitti
661 3566 825 3655 postulat,
857 3565 920 3634 sed
949 3563 1031 3634 filiae
1060 3586 1133 3635 suae
1161 3566 1319 3636 debitum
1347 3567 1422 3636 vult

329 3687 574 3777 exstinguere3
593 3709 676 3759 nam
707 3690 775 3758 etsi
799 3687 1028 3758 filiafamilias
1061 3695 1198 3779 patrem
1225 3710 1296 3759 non
1327 3690 1420 3760 obli-

327 3816 422 3902 gant,
440 3817 559 3882 tamen
575 3814 822 3905 obligationem
835 3813 1039 3882 contrahere
1052 3834 1155 3904 posse
1169 3815 1330 3885 videntur
1346 3811 1359 3910 (
1385 3814 1416 3908 ).

361 4099 401 4172 (t)
422 4118 435 4151 ι
452 4099 547 4155 Partes
560 4111 693 4170 sooanto;
708 4103 731 4158 st
745 4101 812 4174 ptus
827 4101 959 4158 minusve
971 4108 1136 4174 secuerunt,
1153 4118 1183 4159 sa
1195 4103 1295 4159 traude
1309 4106 1384 4160 esto.
1401 4123 1417 4154 »

326 4187 569 4418 :issbttlllssilalgils’
593 4278 626 4337 tr.
646 4283 673 4350 o,
697 4284 710 4349 t
730 4284 756 4348 2,
780 4279 868 4353 Dim
883 4281 918 4338 de
939 4265 1193 4352 senatusconsulto]
1212 4278 1417 4337 Macedoniam

211 4363 213 4372 ’
347 4365 374 4430 t,
386 4369 417 4422 6.

228 4788 450 5037 Λ
