3172 5370
702 570 858 639 ...8-

237 755 275 822 in
304 756 474 842 potestate
495 756 549 819 est
573 752 630 839 jus
664 751 771 819 habet
788 750 932 819 tollendi
956 771 1106 839 puerum
1133 759 1192 821 aut
1224 773 1333 842 expo-

239 878 347 946 nendi
366 899 375 962 3
397 876 528 944 etenim
549 877 586 943 in
605 880 775 964 potestate
793 876 848 943 avi
865 880 900 942 et
916 873 1007 943 filius
1025 882 1183 966 atnepos
1199 878 1334 945 cousti-

238 1009 396 1072 tuuntur.
415 1001 543 1089 Quare,
559 1002 596 1069 in
605 1001 749 1088 Andria,
765 1007 804 1069 ut
818 999 986 1068 intellexit
1000 1001 1095 1070 Simo
1107 1003 1333 1091 Pamphilum

240 1149 343 1198 suum
357 1127 555 1196 decrevisse
578 1147 597 1194 e
619 1125 779 1213 Glycerio
799 1130 920 1193 natum
940 1147 1090 1214 puerum
1116 1128 1235 1196 tollere
1257 1121 1326 1221 (l),

238 1251 409 1320 exclamat
422 1271 429 1317 :

396 1433 526 1510 Domus,
541 1450 632 1506 uxor,
650 1428 739 1493 liberi
751 1429 867 1490 inventi
879 1429 973 1491 invito
982 1428 1090 1512 patret

1007 1530 1054 1609 (V,
1072 1532 1101 1603 ³,
1117 1549 1147 1590 v.
1163 1530 1201 1590 20
1217 1528 1227 1609 l

238 1707 352 1792 Quem
367 1713 484 1777 autem
499 1706 607 1775 invito
625 1713 725 1797 patre
743 1729 813 1778 non
829 1710 907 1798 jure
927 1709 1067 1777 sustulit
1086 1707 1190 1793 filius,
1209 1714 1329 1798 utpote

238 1834 344 1902 alieni
358 1833 460 1922 juris,
485 1832 591 1900 invito
619 1831 690 1900 filio
710 1832 785 1899 sine
812 1833 939 1920 injuria
958 1834 1196 1921 exstingueret
1210 1839 1330 1921 pater-

237 1959 403 2046 familias3
420 1978 516 2045 nam,
537 1962 572 2025 et
582 1977 623 2025 eo
639 1957 845 2045 reluctante,
865 1977 1016 2046 puerum
1032 1958 1153 2026 tollere
1170 1964 1325 2057 poterat,

239 2083 331 2173 quod
350 2083 398 2151 ita
417 2102 495 2150 esse
514 2080 717 2170 Pamphilus
745 2080 803 2148 ille
829 2081 916 2148 alter
941 2082 979 2148 in
996 2082 1133 2169 Hecyra
1161 2081 1325 2167 ostendit,

240 2207 323 2275 dum
338 2206 462 2276 metuit
478 2226 523 2273 ne
539 2209 640 2293 pater
650 2205 729 2293 jure
744 2225 808 2272 suo
831 2210 948 2272 utatur
966 2227 973 2272 :

402 2437 408 2451 .
435 2437 442 2452 .
469 2436 475 2450 .
498 2391 634 2450 Puerum
650 2389 768 2468 injussu
783 2389 875 2451 eredo
891 2408 954 2450 non
969 2388 1059 2450 tollet
1072 2407 1146 2448 aueo.

999 2488 1059 2567 (ll',
1077 2492 1105 2559 l,
1121 2506 1140 2546 v
1167 2485 1230 2566 82.)

242 2658 360 2728 Credit
387 2660 521 2729 scilicet
542 2666 644 2749 atque
668 2642 783 2752 optat,
800 2681 867 2728 uec
896 2660 991 2728 aliud
1018 2665 1071 2728 est
1096 2660 1188 2748 quod
1205 2660 1326 2736 laeiat3

241 2802 322 2852 mox
338 2784 433 2852 enim
448 2805 532 2854 avus
548 2805 698 2875 puerum
713 2785 781 2855 sihi
797 2786 949 2854 vindicat
972 2808 978 2852 :

400 2967 547 3043 Puerum,
563 2967 730 3048 Phidippo,
747 2969 825 3030 mihi
840 2968 927 3040 cedo,
944 2986 998 3048 epo
1012 2967 1103 3028 olam.

995 3063 1101 3145 (laid,
1118 3085 1148 3127 v.
1165 3066 1229 3144 811).

240 3244 364 3332 Neque
395 3265 478 3314 vero
512 3247 705 3337 Phidippus
737 3268 886 3337 puerum
918 3246 1071 3315 retinere
1106 3252 1235 3336 posset,
1262 3248 1327 3314 etsi

239 3375 364 3438 natura
380 3375 433 3439 est
451 3390 536 3441 avus
555 3378 601 3460 et,
626 3393 696 3441 non
716 3373 904 3460 immerito,
927 3392 1048 3440 senem
1067 3369 1208 3440 astinem
1226 3393 1325 3440 suum

117 3506 123 3517 '
239 3492 287 3561 ita
305 3492 515 3582 alloquitur:

400 3688 496 3748 Natus
511 3687 655 3751 estradis
670 3707 778 3765 nepos

997 3786 1100 3866 (iau,
1116 3806 1147 3848 v.
1165 3787 1228 3868 u.)

240 3977 322 4027 nam
352 3960 389 4027 in
421 3960 540 4048 coqui
568 3980 611 4028 ex
637 3959 707 4028 filia
726 3964 828 4028 natus
848 3965 913 4048 est,
939 3960 1052 4049 patria
1067 3964 1233 4047 potestaS,
1253 3957 1328 4046 jure

152 4303 155 4312 ⁵
277 4327 318 4397 (l)
338 4342 409 4382 uisu
426 4348 431 4380 :
450 4369 457 4384 .
482 4369 488 4382 .
513 4375 518 4387 .
539 4327 617 4395 Quod
634 4329 887 4402 peperissetjussit
902 4329 977 4386 tolli.
994 4330 1056 4400 (lll,
1074 4333 1098 4400 l,
1115 4346 1142 4387 v.
1162 4330 1206 4398 6.)
