3172 5370
645 600 824 669 ..35-

186 785 374 854 admodum
387 790 481 875 nota,
499 791 603 874 atque
617 786 793 854 notatione
812 785 1037 875 dignissima,
1053 807 1173 877 quum,
1192 789 1276 880 Gly-

187 910 280 978 cerio
296 909 368 979 filia
384 917 538 1001 reperta,
562 911 613 979 sic
630 930 760 1000 genero
780 929 843 980 suo
869 909 1036 980 Chremes
1059 912 1242 1002 profitetur
1264 938 1271 984 :

649 1094 723 1169 llos,
738 1092 916 1172 Pamphile,
933 1101 980 1157 est

262 1192 375 1252 Decem
391 1191 522 1253 talenta.
540 1226 572 1240 -
592 1192 709 1255 Plura.
732 1190 868 1272 Accipio.

856 1287 903 1368 (V,
921 1293 950 1366 l,
966 1308 996 1350 v.
1014 1289 1176 1372 lictis.)

185 1452 351 1534 Quamvis
380 1455 475 1522 enirn
506 1452 693 1523 dictionem
720 1455 983 1545 astipulatione
1000 1478 1042 1526 eo
1069 1459 1274 1529 dissimilem

185 1596 263 1644 esse
294 1577 459 1666 sciamus,
483 1577 588 1667 quod,
616 1577 711 1646 nulla
738 1577 962 1666 praecedente
989 1580 1273 1671 interrogatione,

185 1701 410 1789 contrahitur,
441 1707 560 1770 tamen
584 1703 677 1770 inter
703 1703 919 1771 recentiores
945 1703 1033 1793 juris
1064 1708 1198 1774 romani
1226 1708 1277 1774 in·

185 1830 356 1915 terpretes
392 1825 563 1895 dubitatio
595 1827 739 1895 oritur:
773 1847 858 1895 num
885 1827 1046 1897 dictionis
1078 1831 1207 1920 verbiS,
1239 1839 1277 1901 ut

184 1950 315 2018 existo
336 1950 412 2019 loco
432 1951 605 2040 conjicere
633 1952 727 2038 licet,
752 1971 921 2040 sponsum
938 1954 1103 2023 assentiri
1128 1976 1276 2026 necesse

185 2073 240 2142 sit.
908 2058 910 2067 ⁴

232 2201 312 2269 Non
321 2206 439 2270 autem
450 2200 594 2268 cuilibet
606 2199 722 2268 dotem
733 2200 851 2268 dicere
866 2203 1078 2290 permissum
1091 2209 1156 2293 est,
1170 2225 1277 2293 quan-

184 2345 288 2413 quam
322 2325 420 2413 dare,
446 2325 664 2414 promittere,
695 2344 816 2393 omncs
844 2333 1009 2416 possunt;
1030 2349 1166 2419 verum,
1184 2330 1276 2419 quod

185 2455 220 2517 et
241 2470 347 2540 supra
377 2455 412 2518 et
439 2449 477 2517 in
502 2449 898 2519 Heautontimorumeno
922 2452 1079 2541 reperias
1105 2451 1167 2546 (1),
1189 2452 1277 2520 nihil

184 2574 297 2643 obstat
312 2575 397 2664 quin
413 2579 514 2665 pater
528 2573 645 2641 dotem
664 2574 768 2643 dicat.
785 2575 1008 2645 Chremetem
1020 2576 1116 2644 enim
1135 2576 1278 2646 dictioni

185 2720 222 2768 se
242 2701 425 2790 accingere
445 2700 618 2787 ridemuS,
636 2700 797 2788 bonaque
818 2702 924 2770 etiam
940 2702 1069 2786 omnia,
1091 2702 1181 2791 quod
1199 2702 1276 2793 lege

185 2824 303 2894 Cincia
326 2844 398 2893 non
416 2823 622 2913 prohibetur
650 2820 712 2918 (2),
734 2845 779 2892 ne
804 2827 889 2914 quid
909 2825 978 2894 filio
1001 2847 1064 2895 suo
1086 2827 1274 2917 relinquat,

185 2945 265 3016 tiliae
285 2947 460 3016 dicturum
477 2967 571 3015 esse.
586 2947 650 3017 Cui
669 2948 900 3020 Menedemus
919 2972 927 3019 :

262 3171 343 3243 Quid
357 3173 439 3233 dotis
453 3171 557 3232 dicam
571 3176 602 3233 te
617 3171 732 3235 dixisse
746 3173 839 3234 filiae?

263 3261 412 3324 Genusus.
428 3264 497 3323 Duo
511 3260 669 3323 talenta...

264 3358 322 3420 Sed
333 3361 377 3423 ita
391 3361 477 3422 dictu
488 3363 593 3436 opust,
610 3360 689 3421 sivis
704 3379 755 3422 me
770 3361 892 3422 salvum
906 3365 1024 3438 esse,et
1038 3378 1115 3435 rem,
1128 3361 1275 3437 etfllium,

264 3456 314 3520 Me
327 3477 399 3520 mea
413 3456 520 3520 omnia
531 3456 617 3518 bona
631 3457 698 3518 doti
712 3457 828 3520 dixisse
842 3457 899 3520 illi.

743 3555 882 3637 (Hectit,
896 3557 933 3631 V,
953 3559 981 3635 l,
996 3577 1027 3619 v.
1042 3558 1080 3622 61
1095 3555 1176 3638 ets.)

237 3757 377 3828 Nullam
396 3759 539 3848 quidem
550 3760 617 3828 hoc
635 3759 710 3827 loco
723 3759 911 3827 dictionem
921 3760 998 3829 fieri
1009 3761 1199 3831 dicendum
1207 3768 1273 3848 est,

189 3884 252 3951 sed
270 3886 462 3975 praeparari
475 3908 484 3973 3
499 3906 615 3975 neque
630 3886 726 3954 enim
745 3884 966 3974 Menedemo,
987 3886 1050 3955 sed
1061 3887 1132 3956 tilio
1149 3889 1224 3977 ejus
1238 3899 1277 3957 ut

226 4276 261 4343 (t)
279 4275 324 4331 Cl.
344 4275 496 4346 Ulpianus,
510 4274 676 4346 ltepu'orum
688 4272 742 4332 lto.
758 4277 805 4348 Vl,
819 4280 832 4346 5
847 4283 875 4335 l.

227 4372 265 4445 (2)
285 4369 400 4444 Paulus,
414 4370 445 4429 in
461 4370 633 4443 Frogrncutis
646 4372 794 4445 vaticanis,
809 4375 897 4441 taut.
