3172 5370
627 537 804 606 „25-

222 716 375 788 Divortio
393 723 511 787 autem
522 718 625 808 iacto,
641 720 781 790 mulieri
795 721 857 790 dos
870 724 945 792 erat
955 718 1160 804 reddenda3
1177 715 1278 810 quod

176 841 213 913 in
232 842 370 932 Hecyra
388 844 540 933 postulat
559 864 689 914 senex:

296 1026 329 1089 Si
343 1032 390 1088 est
402 1032 439 1089 ut
451 1028 527 1090 velit
546 1028 696 1092 reducere
709 1049 852 1108 uxorem,
869 1029 957 1103 licet;

297 1124 351 1188 Sin
366 1126 429 1188 alio
444 1131 491 1188 cst
505 1127 622 1202 animo,
637 1138 801 1191 renumeret
813 1127 908 1190 dotem
921 1126 994 1201 huo,
1010 1130 1072 1187 eat.

877 1225 940 1301 (Ill,
957 1225 987 1300 5,
1002 1242 1034 1284 v.
1050 1221 1169 1302 or-m.)

178 1393 318 1485 Optimo
345 1397 489 1485 quidem
512 1398 591 1487 jure
620 1404 727 1468 totam
750 1398 867 1469 dotem
894 1397 1088 1486 Phidippus
1112 1394 1273 1485 repetit:

177 1538 272 1607 nam,
290 1519 321 1587 si
338 1520 496 1590 mulieris
514 1522 616 1613 culpa
643 1522 774 1593 lactum
797 1528 892 1593 esset
917 1521 1114 1609 divortium,
1145 1523 1276 1588 reten-

176 1643 263 1712 tioni
280 1651 387 1714 sextae
407 1648 516 1737 partis
538 1648 636 1718 locus
655 1653 761 1737 esset,
792 1667 869 1737 quae
889 1647 1016 1715 dicitur
1037 1652 1172 1735 propter
1189 1641 1277 1712 libe-

176 1791 229 1840 ros
243 1765 292 1866 (1)
307 1769 403 1860 fieri3
427 1793 535 1863 quum
552 1794 636 1843 vero
660 1772 834 1863 Pamphili
859 1770 961 1862 culpa
986 1769 1157 1856 evenerit,
1174 1767 1276 1856 quod

176 1895 252 1965 sine
267 1915 373 1967 causa
390 1898 545 1988 legitima
563 1899 650 1968 nolit
662 1917 808 1968 uxorem
826 1897 1011 1985 reducere,
1040 1895 1159 1965 dotem
1179 1893 1275 1962 inte-

177 2040 274 2110 gram
303 2024 524 2094 renumerari
549 2044 617 2092 nec
641 2023 829 2112 quidquam
847 2041 912 2113 pro
936 2020 1057 2092 liberis
1082 2038 1273 2088 remanere

176 2152 323 2238 oportet,
340 2149 433 2239 quod
450 2155 487 2218 et
502 2149 623 2219 Cicero
637 2150 675 2218 in
688 2149 826 2239 Topicis
842 2142 892 2243 (2)
911 2147 1076 2216 declarat.
1096 2144 1179 2226 Sed,
1202 2146 1274 2215 etsi

176 2273 277 2342 aliter
294 2275 404 2342 sensit
419 2275 586 2363 DonatuS,
608 2294 680 2345 non
693 2275 770 2343 sine
786 2274 839 2342 ira
853 2275 954 2363 pater
968 2275 1181 2363 praesentem
1203 2270 1273 2340 do·

177 2403 248 2468 tem
264 2399 425 2490 postulat,
436 2419 515 2489 quae
531 2421 659 2488 annua,
676 2401 784 2489 bima,
798 2400 903 2470 trima
917 2399 973 2468 die
993 2398 1142 2468 debetur
1159 2418 1166 2466 :
1184 2417 1273 2470 nam

176 2529 319 2615 propter
338 2526 515 2616 graviores
533 2530 669 2596 tantum
686 2526 803 2595 mariti
821 2543 951 2612 morea,
969 2524 1006 2594 id
1018 2527 1072 2592 est
1080 2522 1269 2611 adulteria,

177 2647 239 2716 dos
267 2648 384 2717 statim
409 2649 495 2718 solvi
515 2648 633 2737 debet,
662 2654 806 2740 propter
831 2647 999 2736 minores,
1022 2666 1146 2716 senum
1163 2665 1272 2716 men·

177 2772 267 2842 sium
294 2774 350 2842 die
378 2768 445 2868 (3)
469 2773 545 2856 Quo
576 2773 704 2843 melius
736 2778 882 2864 apparet
899 2772 984 2862 quid
1004 2772 1099 2842 senis
1122 2771 1272 2841 alterius

175 2898 283 2967 verba
301 2899 439 2968 valeant
459 2920 466 2966 :

198 3023 316 3092 «Ecce
336 3028 498 3093 autemtu
507 3042 644 3113 quoque
652 3028 813 3113 proterve
821 3023 1010 3094 iracundus
1019 3023 1075 3093 es!
1093 3045 1110 3091 1
1130 3016 1177 3115 (v.
1189 3021 1269 3113 53.)

223 3175 303 3244 Non
321 3175 379 3244 ille
404 3179 540 3245 tantum
558 3176 596 3244 in
614 3180 785 3266 potestate
803 3178 931 3266 estqui
950 3175 1109 3266 exjustis
1132 3174 1268 3265 nuptiis

174 3305 390 3390 procreatur,
417 3320 541 3369 verum
567 3300 672 3369 etiam
693 3301 724 3368 is
746 3300 806 3388 qui
825 3300 1009 3390 adoptione
1024 3300 1188 3369 inlocum
1202 3297 1269 3368 filii

172 3425 227 3495 vel
251 3425 388 3515 nepotis
417 3425 616 3495 adciscitur.
647 3424 850 3515 Adoptionis
875 3431 992 3494 autem
1025 3445 1154 3516 genera
1184 3430 1270 3494 sunt

174 3551 241 3620 duo
258 3572 265 3619 :
280 3555 338 3619 aut
348 3551 443 3619 enim
455 3550 574 3641 populi
587 3551 793 3653 auctoritate
805 3548 1024 3641 adloquantur,
1037 3551 1097 3641 qui
1113 3551 1168 3619 sui
1176 3551 1268 3640 juris

173 3682 270 3764 sunt3
287 3680 347 3746 aut
358 3675 579 3765 magistratus
590 3675 738 3765 imperio
749 3673 961 3766 adoptantur,
974 3677 1034 3766 qui
1047 3677 1085 3743 in
1095 3680 1267 3765 potestate

209 4021 250 4094 (l)
269 4020 383 4094 Ulpiani
398 4019 499 4092 fragm.
516 4021 561 4080 lit.
584 4022 627 4093 vl,
644 4022 679 4079 de
694 4021 821 4089 dotibus,
837 4023 850 4089 5
865 4022 909 4077 ro.

209 4131 247 4199 (2)
264 4129 335 4201 Cap.
350 4140 398 4185 rr:
415 4147 429 4180 ι
445 4125 476 4186 Si
490 4126 543 4183 viri
555 4125 637 4199 culpa
649 4128 754 4186 lactum
766 4133 807 4186 ast
816 4127 984 4201 divortium,
1000 4127 1053 4185 elsi
1070 4125 1173 4184 mulier
1185 4141 1266 4184 nun·

174 4217 242 4275 tium
258 4217 379 4286 remisit,
394 4221 490 4273 tamen
505 4233 555 4290 pro
570 4215 668 4274 liberis
682 4232 800 4274 manere
814 4216 889 4274 nihil
902 4221 1028 4289 oportet.
1049 4235 1063 4268 a

209 4325 249 4394 (3)
269 4322 382 4396 Ulpiani
396 4321 516 4394 fragm..
535 4321 596 4381 loc.
614 4323 676 4394 cit,
690 4324 719 4394 (ἦ
734 4325 750 4378 8
765 4329 792 4381 et
806 4325 855 4381 13.
