3172 5370
629 548 802 616 -13-

171 735 320 804 sufficiat
338 756 397 805 eos
417 736 510 824 quod
532 756 552 802 a
570 740 669 824 patre
689 739 826 823 gestum
847 736 892 802 sit
909 735 1054 824 posthac
1071 743 1185 807 ratum
1202 739 1261 808 ha-

171 859 289 928 buisse
308 854 404 953 (narn
424 864 459 926 et
478 859 616 928 absenti
635 858 818 927 absentem
838 859 1057 948 despondere
1072 857 1169 948 licet)
1190 859 1258 959 (l),

171 983 405 1074 Pamphilum,
421 984 578 1072 quamvis
606 984 765 1070 invitum,
794 985 1014 1054 consensisse
1041 989 1263 1058 manifestum

100 1115 103 1119 ’
173 1113 238 1196 est,
258 1128 339 1177 nam
358 1109 434 1198 ipse
452 1108 566 1177 dicit:

228 1361 235 1388 ,
550 1272 657 1378 Facto,
674 1308 825 1363 transacta
839 1303 951 1363 omniu.
968 1305 1058 1376 Hem,

234 1397 428 1477 Repudiatus
443 1404 578 1479 repetor.

850 1498 885 1580 (1,
902 1498 932 1572 u,
950 1518 979 1558 v.
1002 1499 1162 1580 laetu.)

174 1672 298 1760 Neque
329 1666 425 1738 enirn
448 1690 594 1739 necesse
624 1671 713 1739 soret
743 1671 929 1760 repudium
957 1672 1169 1741 intervenire
1196 1675 1265 1744 nisi

175 1796 348 1885 sponsalia
363 1794 454 1864 sacta
469 1794 629 1864 fuissent.

224 1918 451 2008 Sponsalibus
484 1923 601 1987 autom
630 1920 743 2007 factis,
776 1925 815 1988 ut
843 1919 1086 2010 discutiantur,
1098 1923 1266 1992 nuncium

176 2044 318 2112 remitti·
340 2044 487 2133 placuit,
524 2044 616 2133 quod
653 2065 674 2112 a
705 2044 915 2114 Phormione
949 2067 986 2114 se
1020 2047 1266 2137 impetraturos

179 2189 281 2237 senes
301 2169 513 2238 arbitrantur
534 2192 540 2236 :

428 2401 435 2414 .
461 2395 468 2412 .
493 2393 502 2412 .
528 2391 536 2409 .
559 2351 623 2411 lllis
637 2349 791 2433 repudium
806 2353 964 2427 renuntiet,

238 2449 325 2508 Hanc
340 2447 444 2509 ducat.

686 2543 834 2626 (Phorm,
853 2546 898 2618 lv,
918 2548 946 2621 3,
962 2568 993 2609 v.
1010 2551 1047 2613 72
1064 2551 1172 2632 0172.)

229 2718 315 2800 Quae
330 2724 450 2787 tamen
468 2720 505 2786 in
525 2719 655 2787 Andria
664 2719 886 2808 Pamphilum
907 2721 999 2790 inter
1018 2729 1053 2791 et
1067 2723 1267 2814 Glycerium

180 2843 354 2932 sponsalia
389 2863 466 2910 esse
492 2848 670 2933 putantur,
693 2863 735 2911 ea
764 2864 835 2912 non
864 2818 945 2912 s‘unt
969 2847 1095 2935 valida,
1116 2869 1268 2938 namque

180 2966 341 3034 inventus
357 2972 412 3036 est
423 2973 523 3056 pater
538 2968 825 3056 virginiscujua
846 2974 884 3036 ut
904 2970 941 3036 in
964 2972 1198 3055 matrimonio,
1218 2976 1268 3042 sic

180 3091 215 3157 in
236 3092 455 3181 sponsalibus
479 3112 670 3161 consensus
696 3094 862 3182 engilon
883 3100 917 3161 et
945 3115 986 3163 aa
1013 3115 1117 3164 causa
1134 3104 1186 3165 est
1208 3119 1270 3168 cur

182 3222 280 3283 eatur
301 3217 337 3282 in
355 3216 496 3285 domum
516 3215 680 3305 Glycerii,
702 3221 741 3286 ut
759 3237 847 3286 nova
863 3219 1037 3307 sponsalia
1060 3220 1156 3310 fiant,
1177 3223 1270 3311 quod

180 3356 244 3408 nos
258 3345 378 3408 monet
394 3341 509 3409 Davus
531 3362 538 3408 :

238 3535 283 3594 Nc
297 3533 468 3613 expectetis
484 3533 557 3594 <lum
575 3540 687 3595 exeant
702 3535 762 3594 huc
779 3553 785 3592 :
804 3535 886 3594 intus
901 3508 1135 3616 desponsabitur.

827 3632 994 3712 (ΛΜΗ,
1014 3636 1042 3712 6,
1059 3656 1089 3695 v.
1107 3636 1169 3717 to.)

182 3817 261 3885 Non
279 3819 374 3885 enim
393 3819 536 3908 nuptiae,
558 3819 620 3886 sed
636 3819 810 3908 sponsalia
826 3819 919 3907 apud
937 3819 1136 3908 Glycerium
1150 3825 1272 3891 transi-

183 3947 320 4030 gentur.
343 3942 432 4010 Nihil
454 3943 596 4031 quidem
624 3943 777 4011 obstaret
790 3943 874 4030 quin
888 3944 980 4031 apud
995 3965 1073 4011 eam
1088 3950 1123 4012 et
1137 3948 1269 4036 nuptim

219 4308 257 4377 (l)
280 4309 424 4379 Ulpianus,
443 4308 480 4362 lr.
505 4311 530 4376 l,
552 4311 565 4375 ᾗ
588 4312 612 4377 Ι,
630 4307 709 4376 Dig.,
724 4298 963 4379 desponsalibus,
978 4313 1022 4376 ³2³,
1041 4312 1070 4363 l.
