3172 5370
673 549 827 614 „4-

197 733 292 802 Nihil
310 733 405 801 enim
423 738 559 801 mutare
576 733 712 820 poterat
739 730 847 817 Simo,
866 731 1003 798 etiamsi
1020 731 1176 820 ingratus
1200 738 1295 801 esset

149 936 152 941 ¹
196 859 344 928 libertus
373 859 461 947 ejus,
498 875 564 925 nec
598 856 666 922 nisi
704 854 884 924 Commodi
910 856 1129 944 imperatoris
1169 860 1295 926 consti·

48 4110 158 4175 af(

26 4172 118 4277 χῖ.

10 4240 102 4315 Σ.

195 984 328 1052 tutione
340 984 519 1073 provisum
537 986 590 1048 est
607 985 646 1048 ut
661 980 720 1068 qui
732 980 859 1068 ingrati
881 981 974 1048 circa
994 986 1157 1070 patronos
1182 989 1295 1052 exsta·

196 1113 276 1175 rent
287 1107 324 1175 in
343 1107 547 1175 servitutem
563 1104 807 1193 redigerentur
820 1099 883 1197 (1).
902 1105 1023 1194 Itaque
1041 1107 1077 1173 in
1093 1106 1151 1175 illo
1169 1107 1292 1176 ultimo

164 1244 167 1269 ¹
196 1234 301 1301 uersu
321 1230 513 1322 legendum
538 1250 616 1298 esse
635 1249 820 1298 censemus
841 1250 848 1296 :
872 1225 976 1298 Haud
998 1238 1094 1300 muto
1115 1227 1168 1328 (2)
1195 1228 1293 1326 (sub-

199 1357 303 1425 audi:
320 1357 544 1442 sententiam,
559 1348 730 1447 animum)
746 1353 783 1420 id
799 1359 853 1421 est
871 1376 878 1421 :
895 1353 975 1423 Non
988 1376 1045 1423 me
1059 1357 1217 1445 poenitet.
1228 1357 1293 1427 Cui

197 1481 390 1572 respondet
408 1482 528 1551 Sosia:
546 1481 692 1548 Factum
707 1478 855 1568 gaudeo,
872 1481 1067 1569 etreliqua.

247 1607 346 1688 Quie
361 1606 528 1674 servitute
541 1605 579 1672 in
590 1603 790 1672 libertatem
802 1604 916 1692 datur,
932 1605 1127 1675 manumitti
1141 1608 1285 1696 dicitur3

198 1731 261 1800 sed
278 1751 346 1821 quo
372 1731 521 1818 facilius,
554 1735 593 1798 ut
620 1728 771 1815 videtur,
797 1730 835 1796 in
867 1749 971 1797 versu
996 1732 1201 1801 vocabulum
1222 1734 1289 1803 hoc

197 1857 448 1943 includeretur,
466 1861 579 1946 poetae
608 1855 759 1944 quadam
776 1855 930 1943 licentia,
949 1856 998 1924 ita
1022 1857 1059 1923 in
1078 1857 1288 1927 lhormione

197 1981 378 2050 diductum
398 1987 451 2049 est
473 2005 480 2048 ε

196 2199 309 2260 Curavi
323 2198 453 2277 propria
472 2217 507 2260 ea
522 2198 669 2260 Phaedria
683 2202 718 2258 ut
732 2202 905 2274 poteretur,
922 2219 995 2260 nam
1009 2201 1113 2262 aniam
1126 2210 1169 2263 est
1181 2219 1283 2262 mona.

984 2299 1032 2378 (V,
1050 2300 1078 2373 5,
1095 2319 1125 2360 v.
1141 2299 1185 2380 ⁶2.)

197 2494 276 2562 Non
304 2494 399 2563 enim
432 2495 526 2563 aliud
545 2497 613 2563 nisi
643 2507 747 2584 τμὴσις
764 2497 912 2586 intelligi
928 2503 1053 2586 potest,
1079 2501 1245 2587 quianon
1264 2522 1283 2566 e

197 2638 316 2706 manu,
345 2619 408 2687 sed
432 2639 452 2686 e
478 2620 657 2709 servitute,
692 2622 864 2691 Phaedriae
898 2623 1011 2692 amica
1042 2624 1190 2693 liberata
1215 2631 1281 2694 est.

195 2743 320 2811 Manus
334 2749 451 2813 autem
471 2765 492 2813 a
508 2746 674 2814 servitute
703 2747 805 2836 longe
830 2748 945 2816 distat.
978 2748 1018 2815 In
1036 2768 1143 2816 manu
1158 2750 1284 2817 mulier

195 2887 272 2935 esse
288 2867 415 2936 dicitur
427 2888 535 2957 quum
550 2875 609 2938 aut
623 2891 714 2940 amro
732 2872 896 2941 continuo
910 2878 1018 2962 nupta
1032 2875 1280 2961 perseveravit,

194 2997 253 3059 aut
271 2993 496 3062 confarreatis
511 2996 641 3084 nuptiis
659 2997 779 3085 juncta
789 3003 841 3065 est
854 2998 940 3085 vire,
954 3003 1013 3066 aut
1028 2999 1282 3086 coemptionem

192 3113 276 3182 lecit
290 3111 356 3208 (3).
376 3116 443 3184 Hic
459 3137 555 3206 vern,
571 3138 686 3207 neque
699 3123 839 3210 nuptias
858 3140 972 3210 neque
992 3141 1135 3188 uxorem
1152 3122 1283 3188 inveni-

229 3485 267 3546 (tt
291 3484 472 3546 llodcstinns.
494 3489 529 3544 tr.
551 3491 649 3558 6,(1,
667 3490 798 3561 migma
819 3493 1009 3561 opums-undis
1033 3501 1061 3548 ct
1080 3493 1189 3548 a'endis
1205 3492 1280 3546 litm-

194 3570 242 3635 ris‚
256 3574 301 3639 25,
316 3575 331 3627 ³
348 3586 357 3630 τ
373 3594 388 3624 «
401 3573 584 3643 lmwrmms
603 3579 748 3634 Commodi
766 3581 931 3636 constitutio
948 3580 1009 3636 talis
1023 3581 1161 3650 protertur
1180 3596 1187 3638 z
1210 3580 1278 3636 Cum

196 3659 343 3729 probatum
357 3665 394 3716 sit
407 3663 592 3720 cliiitnmeliis
612 3673 746 3735 patronos
766 3686 782 3723 a
797 3667 907 3727 libertis
922 3685 985 3725 ossa
1000 3669 1126 3737 violatos,
1144 3669 1187 3724 ml
1202 3668 1280 3725 illam

195 3762 281 3804 manu
302 3751 390 3805 atroci
405 3766 468 3804 asso
489 3752 624 3823 pulsatos,
639 3762 689 3810 aut
712 3757 797 3811 etiam
821 3763 986 3829 paupertate
999 3757 1041 3813 rel
1057 3757 1182 3826 corpmis
1202 3758 1278 3814 valo·

194 3834 295 3890 tudine
315 3835 476 3893 laborantes
498 3839 621 3910 relictos,
641 3843 767 3912 primum
782 3860 832 3900 eos
855 3849 885 3901 tu
907 3854 1073 3918 potestatem
1094 3852 1277 3916 patronorum

195 3923 296 3995 tetigi,
313 3933 341 3980 ct
360 3926 552 3983 ministerium
567 3929 694 3986 dominis
708 3932 835 4003 praebrrc
848 3936 924 4006 rogi.
947 3956 960 3985 a

165 4076 170 4085 ,
228 4030 269 4099 (2)
288 4028 332 4086 Gt.
354 4030 445 4088 l‘laut.
465 4033 581 4103 ltudcns,
597 4035 649 4106 lll,
664 4042 691 4107 6,
706 4053 734 4095 v.
755 4043 787 4093 tt
801 4047 828 4095 rt
843 4043 898 4098 tt:

299 4116 433 4186 Emittam
452 4120 500 4175 ctu
516 4139 561 4176 nie
576 4125 704 4180 dixeram
717 4136 819 4197 praesto
835 4129 894 4183 iore

202 4156 226 4271 p(
298 4190 378 4257 Apud
396 4191 509 4247 temnis
522 4194 620 4249 tanum
636 4211 644 4250 t
658 4200 707 4265 qm
716 4202 724 4253 l
738 4203 832 4256 mitto?
844 4216 943 4255 sumne
959 4201 1016 4256 ibi?

225 4295 263 4362 (tt
284 4293 380 4366 Gaius,
397 4294 520 4354 Institit.
541 4298 563 4365 l,
581 4303 608 4367 ξ(
624 4303 674 4356 ttttt
688 4313 715 4358 ct
730 4321 755 4361 S.
