3172 5370
204 704 291 847 bd
350 701 523 848 tund
584 703 766 850 trun
827 703 1237 850 TERENTIUM

233 1971 525 2060 Quandoquidem
546 1992 566 2039 a
588 1971 720 2041 Graecis
741 1972 992 2042 comoediarum
1008 1979 1213 2062 argumenta
1228 1975 1277 2044 ita

185 2103 364 2168 mutuatus
379 2101 434 2164 est
447 2096 646 2184 Terentius,
662 2105 700 2166 ut
717 2099 824 2167 etiam
834 2118 949 2187 graeca
964 2097 1106 2166 nomina
1119 2118 1280 2187 personae

184 2224 351 2310 referant,
364 2242 482 2312 graeco
493 2221 623 2290 amictu
634 2223 811 2312 incedant,
823 2223 967 2291 Athenis
984 2228 1181 2309 versentur,
1197 2229 1279 2291 etse

186 2353 280 2420 cives
300 2349 525 2418 athenienses
540 2367 618 2415 esse
638 2351 823 2418 ostendant
845 2369 887 2417 ae
906 2348 1146 2438 profiteantur,
1168 2348 1278 2436 quaeri

184 2480 300 2566 potest
327 2494 373 2541 an
399 2492 479 2561 quae
503 2472 592 2560 juris
611 2479 648 2541 et
669 2474 931 2543 eonsuetudinis
960 2474 1053 2564 apud
1075 2474 1278 2543 Terentium

186 2603 387 2685 occurrant,
414 2617 455 2665 ea
481 2599 604 2687 graecis
624 2599 762 2688 legibus
787 2605 821 2668 et
851 2599 1018 2667 institutis
1046 2598 1279 2667 adscribenda

186 2724 268 2810 sint,
289 2723 418 2812 quippe
444 2741 553 2809 quum
582 2722 638 2791 hae
660 2723 770 2811 leges,
790 2723 867 2793 haee
899 2725 1068 2810 instituta,
1086 2730 1146 2792 aut
1176 2723 1279 2791 nullis

185 2845 388 2914 hominibus
406 2849 466 2912 aut
483 2844 616 2913 Graecis
635 2846 778 2915 demum
804 2854 839 2915 et
859 2848 896 2914 in
914 2847 1050 2916 Graecia
1070 2846 1277 2935 degentibus

187 2970 258 3037 sint
277 2975 487 3058 comparata.
510 2970 564 3038 Ne
585 2971 642 3038 eui
667 2977 797 3060 autem,
817 2992 924 3062 super
952 2971 1144 3059 eomoediis,
1171 2970 1216 3039 ab
1239 2992 1277 3039 re

188 3094 348 3162 videatur
358 3092 511 3161 alienum
522 3093 565 3161 de
574 3095 844 3184 juredisserere,
858 3095 1207 3164 animadvertendum
1226 3100 1280 3163 est

188 3238 260 3286 non
285 3217 401 3304 modo,
418 3218 537 3285 multis
555 3219 592 3286 in
618 3219 717 3308 locis,
736 3221 825 3309 juris
848 3220 1035 3310 legumque
1062 3220 1278 3289 mentionem

189 3343 355 3412 habuisse
369 3344 594 3433 Terentium,
621 3346 684 3413 sed
708 3346 813 3414 etiam
837 3345 1022 3435 aliquando
1041 3366 1122 3414 eum
1139 3345 1182 3414 de
1199 3345 1277 3433 jure

189 3468 433 3558 disputavisse.
452 3467 603 3545 Etenim,
617 3470 734 3538 omnia
752 3490 843 3559 pene
855 3489 933 3558 quae
947 3468 991 3536 ad
1006 3469 1062 3557 jus
1087 3469 1276 3557 pertinent,

188 3595 226 3662 in
242 3594 373 3661 bissex
387 3593 568 3662 eomoediis
585 3599 645 3662 aut
663 3596 881 3684 attinguntur
894 3601 954 3664 aut
968 3595 1186 3684 explicantur
1199 3615 1206 3662 :
1220 3594 1280 3683 qui

189 3718 260 3786 sint
277 3718 591 3786 manumissionum
601 3718 690 3786 ritus
703 3724 762 3786 aut
773 3720 987 3809 nuptiarum,
1002 3739 1078 3807 qum
1087 3717 1279 3807 jurabere·

190 3840 440 3927 ditatum,quae
452 3859 567 3907 causae
577 3839 930 3928 obligationemque
940 3841 1278 3931 sormajudioiorurn,

191 3971 226 4033 et
249 3965 317 4033 alia
335 3964 522 4053 permulta,
548 3984 625 4052 quae
644 3966 674 4031 si
693 3966 729 4031 in
752 3986 862 4034 unum
886 3967 1086 4044 eontuleris,
1111 3967 1282 4036 estieietnt·

192 4091 291 4177 quasi
306 4090 411 4158 totius
423 4089 512 4176 juris
528 4089 761 4159 adumbratio.

242 4217 259 4284 J
263 4237 302 4284 us
317 4221 447 4301 autern,
468 4222 506 4283 ut
525 4217 561 4282 in
581 4236 723 4293 scenam
747 4216 978 4286 libentissime
992 4217 1118 4285 Noster
1132 4216 1276 4301 irnluxit,

811 4338 939 4371 &a
