3172 5370
647 621 825 688 „19-

239 804 318 874 Non
341 803 429 892 juris
455 802 611 890 gentium
637 807 719 870 sunt
745 803 848 890 justae
876 803 1020 890 nuptiae,
1046 821 1168 869 verum
1190 799 1278 887 juris
1289 815 1324 863 ue
1336 816 1461 867 recolun-

191 927 301 996 civilis
316 949 325 1013 ;
342 946 415 995 non
428 930 543 1014 potest
557 926 664 1015 igitur
685 925 769 993 civis
792 945 957 994 romanus
976 923 1199 1014 peregrinam
1213 921 1280 988 du-

192 1073 286 1140 cere,
308 1050 539 1141 nequeenim
562 1051 654 1119 inter
682 1071 742 1119 eos
762 1051 976 1120 connubium
998 1055 1052 1118 est
1079 1045 1142 1143 (l).
1166 1048 1280 1130 Quare

192 1177 427 1247 stomachatur
452 1195 572 1264 senex,
597 1175 635 1243 in
662 1176 807 1265 Andria,
825 1175 936 1246 filium
960 1197 1062 1245 suum
1084 1194 1148 1265 pro
1174 1174 1281 1242 uxore

194 1302 417 1393 peregrinam
431 1300 575 1386 habere,

554 1491 695 1512 .....
719 1447 835 1509 Praeter
848 1446 963 1509 civium

393 1546 513 1610 Morem
528 1552 622 1627 atquc
636 1546 749 1626 legem,

983 1644 1033 1725 (V,
1050 1647 1080 1724 3,
1095 1664 1125 1706 v.
1143 1647 1187 1724 9.)

200 1809 270 1878 imo
285 1829 435 1899 puerum
453 1831 497 1880 ex
517 1830 559 1879 ea
574 1814 696 1879 natum
713 1812 836 1881 tollere
851 1811 1051 1881 decrevisse
1069 1835 1076 1880 :

397 2001 525 2064 Adeone
539 2006 586 2062 est
601 1997 746 2062 demens?
760 1999 814 2062 E'a
823 1999 1007 2082 peregrino?
1276 2072 1279 2076 A

955 2097 1016 2177 (111.
1034 2102 1062 2168 4,
1079 2118 1108 2158 ν.
1127 2097 1187 2178 44.)

249 2281 388 2350 Etenim
414 2302 485 2351 non
515 2282 619 2369 modo
651 2301 797 2350 necesse
827 2285 894 2370 est,
924 2285 963 2350 ut
991 2280 1154 2367 diximus,
1181 2279 1289 2369 patris

113 2453 130 2470 .
202 2408 412 2476 voluntatem
425 2407 637 2476 intervenire
650 2414 688 2475 ut
707 2406 947 2476 filiusfamilias
966 2426 1117 2497 puerum
1131 2405 1290 2493 exjustis

200 2532 330 2622 nuptiis
344 2537 465 2601 natum
479 2532 589 2622 possit
600 2531 735 2616 tollere,
763 2532 826 2600 sed
847 2552 892 2600 ne
913 2532 1052 2621 nuptias
1069 2531 1210 2619 quidem
1233 2530 1291 2599 hic

202 2657 415 2746 invenimus,
441 2677 508 2727 nec
527 2676 636 2746 puero
656 2661 772 2726 certus
798 2662 898 2747 paler
912 2661 965 2726 est
993 2679 999 2725 :
1023 2676 1187 2745 namque,
1210 2660 1291 2724 ante

202 2781 350 2871 Augusti
365 2780 489 2851 saltem
511 2782 758 2871 principatum,
776 2781 854 2870 jure
872 2781 967 2851 nulla
983 2781 1050 2850 alia
1067 2782 1160 2850 inter
1177 2781 1291 2875 virum

201 2911 237 2974 el
248 2906 433 2975 mulierem
454 2907 650 2996 conjunctio
668 2906 838 2996 probatur
866 2908 935 2976 nisi
950 2907 1084 2997 justum
1109 2906 1291 2975 matrimo-

200 3031 299 3100 nium
325 3027 389 3126 (2).
417 3033 509 3123 Ergo
521 3054 610 3124 puer
625 3053 644 3100 e
661 3033 822 3123 Glycerio
835 3003 937 3103 natus
954 3034 1075 3103 matris
1101 3032 1290 3103 conditioni

199 3157 347 3245 accedit,
373 3162 408 3225 et
436 3159 664 3248 peregrinum
691 3158 895 3248 Pamphilus
919 3159 1042 3230 tollere
1070 3163 1182 3249 parat,
1213 3177 1290 3248 quae

202 3301 339 3351 summa
352 3281 530 3352 dementia
547 3283 697 3353 videtur.

250 3406 304 3476 Ne
321 3407 399 3494 quis
424 3412 542 3475 aulem
575 3408 751 3476 existimet
776 3428 796 3477 a
825 3409 904 3496 jure
932 3427 1076 3478 romano
1101 3407 1290 3479 abhorrere

203 3528 296 3618 quod
309 3531 347 3600 in
361 3532 487 3601 eadem
497 3531 616 3601 fabula
626 3532 754 3623 legitur
777 3557 784 3601 :

732 3774 873 3798 .....
898 3734 1096 3814 Pamphilum

402 3831 464 3892 Pro
478 3848 571 3894 uxore
586 3831 703 3894 habere
718 3832 799 3893 hanc
815 3831 1025 3911 peregrinam:
1195 3868 1199 3876 ·

711 3928 838 4013 (Anda,
854 3931 877 4004 l,
895 3935 926 4012 l,
940 3949 971 3992 v·
989 3932 1047 3996 448
1063 3935 1094 3992 el
1109 3932 1191 4009 449.)
1234 4011 1241 4025 ·

239 4219 279 4289 (Ι)
299 4237 313 4270 α
337 4216 518 4276 connubium
541 4222 584 4275 est
615 4219 711 4277 uxoris
732 4221 794 4290 jure
819 4221 959 4281 ducenda
982 4221 1110 4280 facultas.
1136 4241 1151 4276 ι
1181 4223 1289 4297 Ulpiani

205 4305 374 4379 fragmenta,
392 4308 421 4378 V,
440 4311 499 4375 §3;
514 4305 628 4376 (34.4ςῖ
645 4315 673 4366 el
686 4309 717 4366 4.

239 4397 278 4463 (2)
298 4397 473 4464 llari-ianus,
489 4394 521 4452 ir.
539 4401 566 4502 3Ξ
583 4399 636 4468 5⁴,
653 4397 727 4470 Dig„
744 4401 779 4458 do
791 4401 972 4492 concubinis,
994 4404 1040 4474 25,
1057 4405 1089 4459 7.
