3172 5370
789 557 967 626 ,24-

333 741 429 812 Uxor
441 742 535 810 enim
549 743 617 810 nisi
634 743 671 810 in
682 741 903 810 matrimonio
916 740 1013 809 nulla
1025 745 1090 828 est,
1104 760 1219 829 neque
1240 741 1282 809 in
1300 761 1438 810 concu-

334 868 456 936 binatu
470 887 627 944 uxorem,
647 868 702 936 vel
717 867 896 955 injustam,
920 865 980 933 sed
1003 866 1234 935 concubinam
1248 867 1327 934 sive
1344 867 1439 934 ami-

335 1013 413 1062 cam
425 993 595 1064 invenias.
614 991 714 1074 Quod
737 996 853 1060 autem
867 991 1008 1060 Plautus
1024 991 1062 1058 in
1080 989 1216 1060 Graecia
1230 996 1266 1059 et
1286 991 1440 1060 Cartha·

336 1119 416 1209 gine
429 1118 573 1187 serviles
589 1118 728 1207 nuptias
747 1116 824 1184 fieri
853 1115 1031 1184 contendit
1057 1110 1124 1209 (l),
1143 1114 1180 1183 id
1191 1115 1282 1184 adeo
1298 1116 1440 1204 punica

337 1247 373 1312 et
391 1241 505 1333 graeca
522 1241 591 1310 fide
606 1241 782 1331 judicibus
797 1239 1072 1309 confirmandum
1083 1241 1257 1328 relinquit.

175 1402 325 1445 ossanna.
386 1365 482 1435 Inter
501 1385 560 1434 eas
581 1366 808 1435 necessitates
836 1384 914 1452 quae
932 1365 1034 1452 justis
1062 1385 1081 1432 e
1102 1366 1232 1454 nuptiis
1255 1369 1442 1458 originem

339 1492 482 1578 ducunt,
500 1489 762 1559 annumeranda
771 1494 824 1557 est
835 1487 995 1576 affinitas,
1008 1508 1112 1577 quam
1125 1491 1154 1557 si
1169 1496 1265 1560 recte
1279 1491 1440 1562 definire

338 1615 438 1700 velis,
468 1614 646 1683 vinculum
673 1634 751 1682 esse
778 1614 874 1682 dices
892 1614 984 1681 inter
1008 1614 1122 1682 virum
1144 1620 1202 1683 aut
1222 1637 1375 1685 uxorem
1401 1624 1441 1686 et

342 1740 496 1829 conjugis
508 1738 650 1808 alterius
668 1743 844 1827 cognatm,
866 1737 1085 1806 matrimonio
1109 1746 1277 1810 creatum.
1308 1741 1440 1811 Soceri

341 1884 468 1954 nempe
484 1882 593 1954 gener
607 1861 720 1931 affinis
731 1866 796 1950 est,
815 1862 909 1930 unde
928 1861 1131 1950 Pamphilus
1149 1885 1156 1931 :

420 2037 604 2118 Nullon'ego
626 2037 799 2100 Chremetis
814 2041 906 2118 pacto
921 2035 1105 2118 adfinitatem
1132 2037 1270 2119 ellugere
1287 2043 1431 2116 potero?

991 2135 1115 2216 (Aaou,
1131 2136 1156 2210 l,
1172 2142 1201 2210 5,
1217 2155 1247 2197 v.
1266 2138 1329 2214 la.)

342 2310 413 2379 Ista
448 2314 565 2378 autem
605 2309 790 2398 appellatio
828 2308 1012 2397 aliquando
1062 2309 1164 2377 latius
1205 2273 1438 2402 extenditur3

343 2434 426 2503 dum
455 2432 752 2501 necessitudinem
787 2432 958 2521 significat
983 2453 1052 2520 qua
1084 2434 1280 2523 cognationi
1312 2439 1442 2506 uxoris

344 2559 501 2649 cognatio
520 2558 636 2626 mariti
660 2557 851 2647 copulatur.
877 2558 982 2646 Cujus
1000 2559 1054 2626 rei
1082 2559 1247 2628 nonnulla
1273 2564 1444 2653 exempla

344 2682 437 2774 apud
449 2683 615 2752 Nostrum
622 2682 741 2750 videre
755 2687 825 2762 est;
842 2681 927 2766 sive,
939 2681 977 2748 in
986 2679 1133 2772 Hecyra,
1146 2684 1444 2773 patrumfamilias

344 2829 435 2878 unus
452 2809 553 2878 alteri
569 2809 620 2876 sic
636 2807 819 2897 pollicetur
837 2828 844 2874 :
1405 2815 1411 2825 ¹

424 2978 617 3041 iamdudum
631 2977 708 3054 dixi,
724 2979 871 3058 idemque
885 2998 968 3040 nunc
983 2980 1065 3056 dico,
1077 2982 1192 3057 Lache,

426 3076 552 3138 Manere
566 3074 751 3156 adfinitatem
765 3075 847 3138 hanc
860 3075 943 3138 inter
956 3096 1013 3139 nos
1028 3078 1120 3154 volo;

965 3175 1332 3262 (innumeros.)

348 3339 434 3427 sive,
455 3338 493 3407 in
516 3338 919 3428 Heautontimorumem,
935 3360 999 3429 pro
1025 3340 1096 3409 filia
1116 3363 1178 3412 sna
1197 3365 1368 3434 generum
1387 3351 1442 3420 sic

347 3465 473 3555 accipit
494 3485 502 3532 :

432 3685 438 3700 .
496 3683 503 3698 .
529 3683 536 3699 .
562 3685 568 3700 .
593 3638 692 3699 Immo
708 3642 738 3699 et
753 3657 848 3718 gener
862 3644 893 3700 et
907 3638 1021 3722 adfines
1035 3641 1175 3719 placent.

1114 3741 1161 3815 (V,
1182 3745 1192 3805 l
1202 3788 1209 3817 ,
1225 3763 1254 3803 v.
1272 3745 1335 3824 63.)

384 4018 425 4083 (ll
444 4017 548 4074 Cosa’au
567 4017 691 4089 prolog„
707 4032 735 4073 v.
755 4022 787 4074 68
803 4027 830 4076 et
843 4037 865 4076 s.
885 4040 892 4076 ι

453 4124 469 4158 a
489 4106 604 4172 (laesa,
620 4105 725 4173 hercle,
741 4107 811 4177 quid
825 4108 900 4162 istac
914 4110 973 4164 est?
987 4109 1104 4166 serviles
1117 4113 1246 4183 nuptiae?

455 4195 468 4229 a
488 4176 605 4232 Sorrina
618 4191 735 4232 uxorem
749 4180 866 4246 ducant,
881 4186 930 4234 aul
944 4187 1064 4250 poscent
1078 4180 1152 4238 sibi?

452 4267 466 4299 ι
488 4249 599 4303 lterum
614 4248 772 4303 attulerunt
788 4251 862 4318 quod
879 4249 911 4304 fii
927 4266 1067 4321 nusquam
1081 4253 1225 4324 gentium.
1242 4278 1256 4308 n

451 4322 486 4373 At
500 4332 552 4388 ego
566 4319 611 4373 aio
626 4318 679 4375 hoc
693 4318 753 4375 lieri
766 4320 796 4376 ia
810 4321 918 4377 Graecia
932 4329 959 4378 et
972 4323 1147 4396 Carthagini.
1160 4368 1184 4383 ..
