3120 5370
757 528 912 597 ..ss-

290 704 370 774 Non
384 705 491 793 enim,
514 707 581 776 nisi
603 709 669 778 sub
692 709 974 800 imperatoribus,
990 706 1210 776 dominorum
1223 713 1383 797 potestas

293 828 397 896 certis
420 830 577 898 terminis
597 831 739 901 definita
768 838 833 920 est,
862 853 906 900 ne
928 851 1034 921 supra
1059 831 1202 899 modum
1223 837 1283 900 aut
1302 832 1383 899 sine

294 973 399 1023 causa
417 955 454 1022 in
468 974 586 1023 servos
606 976 687 1025 suos
704 957 879 1025 saevirent.
903 956 1041 1025 Primus
1061 955 1238 1024 constituit
1255 955 1383 1025 Adria·

293 1099 427 1167 nusne,
438 1080 693 1149 sinesententia
705 1082 940 1171 magistratus,
951 1081 1063 1170 capite
1079 1080 1171 1148 servi
1184 1079 1383 1169 plecteren-

295 1210 351 1272 tur
370 1202 400 1289 (1
407 1207 426 1286 ),
439 1210 474 1273 et
487 1205 532 1274 ab
548 1204 723 1274 Antonino
738 1207 846 1274 nimia
863 1206 1082 1275 dominorum
1096 1206 1265 1295 asperitas
1283 1205 1383 1274 cohi·

295 1327 367 1397 bita
397 1333 461 1410 est,
491 1329 628 1418 proviso
652 1337 691 1398 ut
714 1331 744 1398 si
769 1330 998 1399 intolerabilis
1028 1329 1206 1398 rideretur
1233 1328 1380 1418 sevitia,

295 1459 503 1544 cogerentur
519 1475 638 1524 servos
665 1476 744 1524 suos
773 1455 925 1524 vendere
944 1450 1012 1548 (2).
1034 1454 1280 1544 Superioribus
1297 1474 1384 1525 vero

295 1579 525 1669 temporibus,
539 1581 606 1649 duo
617 1586 751 1649 tantum
760 1580 964 1670 praescripta
977 1586 1076 1648 crant
1087 1601 1095 1665 ;
1107 1579 1241 1649 Claudii
1249 1579 1385 1649 scilicet
1405 1610 1407 1619 ·

296 1703 409 1771 edicto
429 1723 435 1770 :
459 1711 498 1772 ut
517 1704 576 1793 qui
593 1724 714 1773 servus
726 1723 747 1772 a
761 1703 901 1772 domino
923 1704 967 1773 ob
984 1723 1124 1793 gravem
1144 1702 1384 1773 infirmitatem

296 1827 564 1918 relinqueretur,
580 1832 610 1899 is
619 1831 710 1899 liber
726 1831 801 1920 ipso
816 1831 894 1919 jure
909 1830 1010 1898 fieret
1029 1822 1103 1924 (3);
1123 1835 1158 1899 et
1172 1830 1249 1920 lege
1265 1831 1386 1899 Petro·

296 1959 366 2040 nia,
385 1957 450 2027 sub
460 1957 608 2047 Augusti
619 1957 736 2025 forsan
753 1957 950 2045 principatu
969 1978 976 2025 :
993 1977 1037 2024 ne
1058 1961 1180 2045 sponte
1198 1977 1260 2025 sua
1277 1957 1386 2026 domi·

296 2106 363 2154 nus
383 2104 521 2152 servum
541 2083 585 2152 ad
613 2083 742 2153 bestias
768 2082 1017 2173 depugnandas
1041 2082 1290 2151 condemnaret
1316 2079 1382 2175 (4).

298 2211 437 2299 Integra
446 2210 550 2298 igitur
559 2214 663 2297 atque
673 2209 804 2277 illibata
817 2214 903 2297 erat,
913 2205 1065 2276 Terentii
1074 2213 1245 2298 tempore,
1255 2208 1387 2277 domini

297 2338 463 2424 potestas,
480 2353 593 2421 neque
614 2354 695 2401 eum
714 2333 845 2420 majora
858 2355 938 2401 irre
960 2333 1091 2401 comice
1106 2331 1248 2402 finxisse
1263 2338 1387 2423 putan-

299 2459 462 2545 demost,
486 2457 548 2525 sed
563 2457 664 2546 quale
682 2458 798 2546 reipsa
814 2463 905 2526 esset
917 2456 976 2545 jus
995 2457 1223 2547 expressisse.

55 2609 82 2650 ue
94 2606 282 2649 arar-manu.
348 2584 443 2652 Utin
459 2589 629 2673 potestate
649 2582 867 2650 dominorum
880 2587 961 2650 sunt
975 2582 1079 2669 servi,
1102 2582 1149 2651 ita
1161 2583 1197 2650 in
1216 2587 1386 2672 potestate

299 2709 409 2798 patria
428 2714 507 2776 sunt
526 2708 748 2777 filiifamilias.
779 2707 913 2797 Scopius
938 2707 1079 2796 quidem
1103 2707 1196 2795 apud
1221 2707 1387 2776 Nostrum

298 2835 564 2927 patresfamilias
582 2856 601 2904 a
621 2834 691 2902 filio
708 2833 915 2918 luditicatos,
939 2853 1043 2922 quam
1060 2833 1096 2900 in
1111 2832 1220 2901 silium
1231 2832 1310 2920 jure
1324 2851 1387 2901 suo

299 2980 380 3029 usos
395 2960 551 3037 invenire
572 2964 641 3045 ost3
661 2978 742 3027 nam
762 2957 833 3025 leni
858 2958 1063 3046 pierumque
1081 2962 1162 3025 sunt
1178 2958 1331 3046 ingeni0,
1349 2963 1389 3026 ut

300 3085 441 3176 quidam
457 3083 601 3152 fatetur:
616 3107 632 3150 a
646 3085 717 3172 Ego
735 3103 812 3150 sum
832 3083 947 3151 animo
961 3082 1032 3150 leni
1046 3088 1162 3170 natuS,
1174 3120 1213 3132 -
1223 3081 1390 3171 Nonpos·

302 3232 380 3280 sum
403 3209 580 3279 advorsari
602 3208 690 3275 meis
706 3202 773 3300 (5);
795 3229 812 3273 ))
839 3207 907 3275 ‹tuo
930 3213 1059 3293 tamen,
1074 3228 1116 3274 ex
1135 3207 1201 3274 hac
1219 3211 1388 3294 potestate

304 3433 705 3450 Μ

337 3585 376 3657 (t)
395 3579 573 3655 Spartianus,
588 3592 654 3648 cap.
673 3591 751 3632 xnn.

335 3683 374 3754 (Ξ)
393 3681 442 3738 Fr.
460 3684 485 3744 2,
508 3676 582 3749 Dig„
600 3676 634 3732 de
651 3673 695 3730 his
710 3672 758 3744 qui
772 3671 818 3727 sui
833 3669 875 3727 rel
887 3669 1059 3742 atienijuris
1072 3675 1149 3741 suut,
1164 3673 1189 3740 t,
1204 3673 1233 3730 o.

338 3784 379 3853 (3)
399 3776 588 3847 Modestinus,
604 3774 641 3832 fr.
662 3775 689 3840 ἢ,
704 3771 781 3841 rig„
803 3769 851 3841 qui
867 3769 928 3825 siae
942 3767 1178 3842 manumissione,
1192 3770 1234 3838 to,
1250 3772 1280 3822 8.

337 3880 375 3950 (t)
396 3873 586 3940 Modestinus,
609 3871 642 3926 tr.
667 3871 711 3935 tt,
736 3868 750 3940 ξ
772 3871 798 3941 2,
817 3865 896 3937 rig,
910 3863 946 3920 ad
967 3863 1058 3935 legem
1078 3864 1239 3920 Corneliam
1254 3864 1290 3919 do
1315 3862 1389 3920 sica-

303 3968 366 4036 riis,
379 3970 424 4036 68,
439 3971 469 4024 t.

337 4069 377 4138 (a)
395 4066 510 4133 necyia,
527 4059 564 4131 ll,
579 4063 607 4129 Ξ,
623 4072 648 4112 r.
663 4059 696 4113 23
713 4061 740 4110 et
757 4058 804 4117 tm
820 4053 858 4108 et.
879 4067 906 4106 r.
925 4056 989 4103 1-32

355 4161 414 4219 Etsi
428 4160 487 4217 scio
502 4172 567 4228 ego,
584 4153 763 4218 Philumena,
779 4163 874 4206 meam
887 4147 935 4218 jus
949 4163 1022 4216 esse,
1040 4156 1070 4202 ut
1084 4153 1115 4228 te·
1124 4162 1224 4228 cogam

355 4240 425 4302 Qnae
441 4245 492 4303 ego
506 4229 643 4300 imperem
658 4229 750 4282 tacere
765 4237 772 4280 :
788 4225 950 4302 egotarucn
964 4218 1054 4290 patrio
1069 4233 1166 4273 auimo
1183 4224 1272 4274 nctus
1289 4217 1392 4275 seciam

356 4314 393 4365 tt
409 4303 459 4360 tibi
472 4299 640 4366 concedam,
658 4310 752 4366 noque
767 4303 823 4349 tue
840 4291 951 4346 trbrdtm
968 4285 1149 4344 adversabor.
