3172 5370
640 548 815 620 ..39-

188 736 241 804 lta
266 732 361 801 enim
393 753 431 801 se
459 732 632 802 facturum
660 752 738 802 esse
766 732 950 823 pollicetur
974 735 1043 805 sibi
1072 737 1268 830 Demipho;

187 859 406 951 quinetiam
438 863 473 926 61
498 857 628 947 scripto
660 858 781 947 utitur,
811 863 850 927 ut
875 858 1092 951 videbimuS,
1121 884 1190 953 quo
1219 887 1278 936 res

187 983 319 1055 cautior
333 983 377 1052 sit
396 1005 403 1050 :
424 981 625 1069 ridiculum,
643 1002 725 1051 nam
744 987 890 1073 argento
913 984 1140 1058 nihilominus
1158 1011 1280 1062 emun-

186 1109 289 1199 gitur,
312 1107 404 1198 quod
420 1105 562 1196 quidem
577 1104 666 1176 Geta
687 1107 943 1178 vaticinabatur
965 1131 973 1178 :

240 1288 247 1302 .
274 1287 281 1302 .
306 1288 313 1302 .
335 1253 355 1303 (1
374 1233 420 1302 Ut
439 1237 561 1302 cautus
580 1236 644 1315 est,
659 1232 721 1302 ubi
737 1232 823 1302 1111111
842 1254 930 1324 opus
950 1237 1029 1305 estl
1053 1259 1071 1305 1
1091 1233 1139 1331 (v.
1161 1237 1217 1336 3.)

239 1359 403 1429 Solebant
418 1363 537 1428 autem
549 1357 699 1426 Romani
712 1357 751 1424 in
770 1357 910 1429 codices
927 1361 1087 1452 digerere
1103 1384 1280 1453 quaecum·

191 1484 323 1576 quoad
345 1504 423 1553 rem
446 1483 655 1552 familiarem
675 1483 910 1572 pertinebant.
931 1485 1129 1557 Utebantnr
1146 1492 1279 1562 scilicet

192 1609 399 1681 adversariis
416 1629 495 1698 quae
511 1607 666 1697 quidem,
681 1607 775 1696 quod
788 1608 833 1677 ad
845 1607 903 1698 jus
926 1612 1061 1701 attinet,
1083 1616 1184 1704 quasi
1200 1617 1279 1686 nul·

190 1736 257 1805 lius
275 1737 375 1802 erant
392 1732 561 1801 momenti
576 1752 584 1819 ;
600 1751 723 1801 verum
738 1737 773 1800 et
788 1732 925 1803 tabulas
949 1734 1022 1804 sive
1042 1736 1200 1807 codicem
1220 1740 1280 1808 ha-

192 1859 336 1947 bebant,
351 1857 411 1947 qui
424 1856 607 1926 dicebatur
618 1856 744 1946 accepti
755 1857 947 1948 etcapeasi,
958 1859 997 1927 in
1006 1879 1090 1949 quo,
1104 1863 1280 1952 scriptura

192 1983 436 2074 quadam,sive
446 1983 693 2073 obligationem
703 1988 762 2052 aut
770 1983 979 2053 solutionem
990 2005 1277 2078 commemorare,

192 2111 265 2180 sire
285 2110 391 2178 etiam
417 2127 537 2177 creare
561 2112 622 2175 aut
648 2107 770 2176 tollere
791 2108 1039 2198 obligationem
1063 2111 1205 2183 licebat.
1225 2114 1276 2204 Si,

190 2209 291 2319 uerbi
301 2235 423 2326 gratia,
438 2233 534 2304 nulla
547 2233 769 2322 praecedente
785 2233 1008 2324 obligatione,
1023 2237 1183 2327 Titioque
1200 2259 1281 2309 con·

192 2361 424 2449 sentiente,in
432 2360 551 2429 codice
561 2379 641 2428 meo
649 2358 871 2448 scripserim:
888 2359 1090 2449 Expensum
1100 2362 1190 2432 Titio
1201 2382 1281 2431 cen·

192 2493 267 2557 tum
280 2524 326 2538 -
349 2485 433 2554 hinc
448 2484 605 2552 nascitur
618 2468 794 2573 obligatio,
816 2503 884 2552 11611
899 2484 965 2573 161,
986 2506 1058 2555 non
1077 2488 1278 2576 verborum,

191 2629 313 2679 verum
328 2608 535 2677 litterarum.
554 2607 643 2689 Quia
660 2613 777 2677 autem
788 2608 826 2676 in
843 2610 1028 2699 scriptura,
1042 2612 1136 2680 unde
1146 2611 1185 2681 fit
1198 2614 1282 2684 obli·

192 2737 296 2827 gatio,
315 2735 526 2805 vocabulum
547 2734 746 2803 continetur
760 2753 953 2824 carpentum,
976 2741 1173 2807 contractus
1190 2739 1279 2828 ipse,

190 2862 288 2950 cnjus
314 2860 489 2949 scriptura
514 2878 620 2928 causa
638 2858 748 2927 civilis
770 2864 836 2946 est,
856 2879 986 2928 nomen
1004 2861 1283 2951 ecpeosilolioois

187 2988 306 3058 habet.
329 2985 416 3067 Quae
433 3003 542 3073 quum
556 2984 605 3052 ita
620 2985 703 3067 sint,
721 3004 830 3072 quum
850 2985 1022 3077 Demipho
1039 2987 1280 3077 dotem‚quam

186 3113 265 3203 lege
280 3110 549 3180 Atheniensium
564 3108 728 3198 debebat,
741 3110 778 3177 in
791 3109 866 3179 foro
879 3111 991 3199 solvit,
1003 3131 1120 3180 coram
1133 3113 1281 3183 testibus

190 3238 311 3323 solvit3
327 3255 396 3324 quo
409 3234 513 3322 sacto,
530 3234 700 3303 liberatus
716 3240 782 3303 est.
804 3235 894 3304 Tum
911 3256 1008 3323 vero,
1025 3241 1064 3305 ut
1078 3241 1199 3306 cautus
1214 3243 1279 3326 est,

191 3364 229 3432 in
245 3382 308 3431 suo
321 3359 456 3448 codice,
473 3359 712 3428 consentiente
726 3360 950 3449 Phormione,
965 3362 1106 3452 scripsit
1121 3383 1129 3431 :
1147 3363 1285 3452 Expen-

192 3507 241 3558 sae
272 3485 475 3557 Phormioni
505 3483 612 3552 minae
636 3485 778 3575 triginta
811 3481 878 3581 (1).
900 3481 1001 3568 Quod
1024 3487 1155 3578 duplici
1179 3489 1284 3559 modo

194 3616 311 3703 potest
325 3609 437 3698 accipi
458 3614 542 3677 :aut
554 3614 593 3677 ut
604 3608 784 3678 solutionis
797 3610 898 3680 factae
907 3611 1052 3700 mentio,
1069 3618 1130 3681 aut
1147 3618 1187 3682 ut
1199 3613 1285 3683 obli-

196 3738 287 3829 gatio
304 3736 512 3820 litterarum,
533 3734 649 3803 dotem
664 3735 798 3804 scilicet
808 3735 1016 3805 restituendi
1028 3737 1059 3805 si
1069 3757 1140 3806 non
1154 3744 1284 3808 secutae

197 3863 266 3931 sint
283 3860 428 3949 nuptiae.
444 3859 566 3928 Testes
586 3864 716 3948 autem,
743 3859 774 3927 si
790 3866 868 3952 post
888 3860 1095 3931 solutionem
1110 3862 1286 3932 adfuerint

197 3989 394 4079 scripturae,
417 3983 697 4053 testificabuntur
718 4005 788 4054 non
806 3985 910 4055 modo
931 3988 1119 4076 pecuniam
1138 3989 1285 4059 solutam

234 4353 273 4422 (o
293 4347 337 4406 cr.
354 4345 534 4417 ruamur,
549 4352 574 4417 a,
590 4364 619 4406 v.
635 4352 745 4408 16611.
