3172 5370
690 610 867 679 -12,-

236 791 452 880 temporibus
467 791 698 860 adhibebatur
711 793 822 862 forma
843 794 1087 883 stipulationis
1104 800 1142 862 ut
1160 796 1197 863 in
1212 796 1325 864 Plauti

237 916 442 985 Curculione
471 916 590 984 videre
613 923 666 984 est
687 913 739 1012 (l)
767 926 802 986 et
834 920 999 1008 Ulpianus
1029 924 1176 987 testatur
1192 921 1255 1011 (2),
1280 923 1325 990 ob

236 1062 382 1130 eamque
400 1062 539 1110 causam
551 1043 829 1132 distinguebatur
844 1051 1117 1134 sperata‚pacta‚
1132 1052 1167 1113 et
1180 1066 1321 1135 sponsa.

237 1168 392 1236 Terentii
434 1172 551 1235 autem
581 1175 738 1259 tempore
785 1171 965 1240 obtinebat
1003 1171 1118 1238 adhuc
1164 1172 1326 1259 antiquus

236 1291 487 1381 sponsaliorum
513 1293 614 1380 ritus,
636 1294 727 1381 quod
747 1315 790 1362 ex
803 1295 871 1363 hoc
889 1316 992 1362 versu
1011 1295 1182 1382 conjicere
1207 1296 1289 1362 licet
1313 1318 1320 1362 :

318 1526 325 1541 .
352 1526 358 1538 .
385 1527 391 1541 .
415 1480 573 1552 Quantum
588 1481 627 1543 ab
642 1483 701 1543 hac
717 1484 836 1559 accipio
852 1502 922 1562 quae
933 1503 1039 1564 sponso
1054 1491 1096 1543 est
1108 1483 1201 1554 mihi;

838 1580 984 1661 (Phorm,
1003 1582 1050 1653 lv,
1068 1585 1097 1654 3,
1113 1601 1143 1641 v.
1162 1580 1222 1660 bl.)

238 1791 305 1839 nec
317 1772 413 1860 prius
428 1772 465 1838 in
475 1791 541 1839 usu
551 1791 629 1838 esse
650 1743 764 1857 desiit,
777 1775 815 1838 ut
832 1770 926 1837 idem
941 1770 1081 1837 Servius
1098 1774 1205 1854 notat,
1221 1789 1325 1857 quam

239 1917 359 1986 quum,
370 1897 447 1986 lege
462 1896 563 1983 lulio,
577 1896 690 1963 Latini
702 1896 837 1963 civitate
853 1895 971 1962 donati
986 1899 1078 1980 sunt,
1091 1914 1181 1961 anno
1192 1894 1328 1961 scilicet

236 2026 314 2109 post
334 2020 467 2088 Urbem
487 2018 662 2086 conditam
681 2018 936 2086 sexcentesimo
950 2018 1166 2105 sexagesimo
1183 2022 1326 2104 quart03

238 2146 322 2213 hinc
351 2146 423 2234 jam
452 2144 496 2213 ad
532 2143 773 2213 constituenda
802 2143 976 2231 sponsalia
1000 2142 1114 2210 nudus
1138 2162 1330 2210 consensus

241 2271 369 2342 sufficit
382 2271 443 2363 (3).

289 2399 368 2468 Non
385 2397 455 2465 lilia
470 2401 605 2465 tantum
620 2396 768 2465 familias
783 2396 993 2485 desponderi
1006 2400 1132 2486 potest,
1150 2392 1328 2461 sedetiam

240 2522 344 2608 filius,
365 2521 458 2590 unde
483 2522 601 2611 sponsi
620 2522 804 2612 appellatio
820 2527 901 2591 nata
919 2528 984 2590 est.
1007 2524 1127 2611 Itaque
1146 2522 1184 2588 in
1199 2519 1331 2587 Andria

241 2647 366 2717 liberto
386 2667 449 2715 suo
467 2651 586 2716 narrat
604 2666 713 2714 senex
732 2667 769 2714 se
788 2645 898 2715 filium
917 2668 1019 2715 suum
1036 2647 1231 2717 Chremetis
1250 2642 1331 2711 tiliae

242 2772 408 2840 maritum
422 2770 651 2859 despondisse
671 2793 677 2837 :

322 2962 454 3037 Placuit,
472 2963 635 3046 despondi:
652 2964 704 3025 hic
719 2963 836 3040 nuptiis
851 2963 952 3024 dictus
967 2969 1013 3024 est
1027 2963 1104 3023 dies.

1026 3060 1060 3141 (1,
1080 3065 1107 3134 l,
1124 3080 1153 3121 v.
1171 3060 1232 3140 75.)

244 3254 467 3343 Pamphilum
503 3260 621 3322 autem
652 3255 849 3323 consentire
875 3259 1030 3344 oportet,
1066 3273 1216 3341 namque
1243 3251 1332 3320 filio-

244 3378 393 3447 familias
423 3379 651 3447 dissentiente
680 3379 854 3468 sponsalia
884 3379 1025 3447 nomine
1055 3379 1129 3466 ejus
1160 3376 1237 3445 fieri
1264 3397 1335 3444 non

244 3510 390 3593 possunt
408 3503 465 3594 (l).
487 3504 585 3573 Idem
611 3510 646 3571 et
674 3504 716 3572 de
741 3503 811 3572 filia
834 3503 1022 3573 dicendum
1051 3507 1115 3570 est.
1138 3500 1207 3569 Sed
1226 3520 1334 3589 quum

1175 3711 1193 3715 ‚q
1207 3708 1326 3715 .—-.-..-

282 3842 320 3910 (t)
341 3840 517 3910 Spondesne,
541 3839 635 3905 untes,
663 3838 734 3894 mibi
755 3838 828 3892 banc
857 3835 994 3893 uxorem?
1023 3864 1054 3876 -
1074 3834 1219 3905 Spondeo.
1243 3831 1287 3902 (ll,
1309 3835 1335 3897 2,

245 3946 275 3986 r.
295 3929 356 4002 u.)
375 3931 420 3986 Cf.
439 3930 593 4000 Aulularia,
611 3929 647 3996 ll,
662 3933 728 3990 2.r.
747 3931 781 3983 Ἠ
797 3935 824 3982 et
838 3929 886 3983 78.

282 4018 320 4092 (²)
341 4040 355 4070 α
371 4017 518 4087 Spousnliu
535 4019 608 4074 dictu
629 4025 724 4072 sunta
740 4015 919 4085 spondendo,
937 4029 1002 4068 uam
1018 4012 1105 4067 mozis
1120 4011 1174 4067 luit
1191 4007 1337 4065 ueteribus

248 4107 379 4178 stipulari
394 4115 421 4162 rt
437 4108 578 4178 spondero
598 4106 651 4162 sibi
669 4121 765 4161 uxores
780 4104 903 4160 tuturus.
922 4124 936 4154 »
957 4103 1004 4158 Fr.
1029 4104 1055 4171 2,
1073 4100 1152 4172 Uip,
1168 4101 1202 4155 do
1217 4113 1337 4168 sponsu-

248 4197 331 4259 libus.
347 4199 391 4259 23,
408 4198 436 4251 t.

284 4284 323 4357 (³)
344 4285 480 4353 Ulpianus
496 4283 548 4348 ir„
564 4286 590 4351 4,
608 4284 686 4351 tuo,
704 4283 773 4338 ibid.

286 4377 325 4447 (r)
346 4374 461 4442 l‘uulus,
478 4371 514 4429 ir.
533 4375 560 4439 l,
576 4375 628 4442 5-1,
645 4372 720 4444 big„
734 4371 807 4428 ibid.
