3172 5370
694 608 738 622 -·
762 559 873 669 ro-¹

238 774 323 822 num
342 759 445 843 atque
462 754 709 824 adventicium.
722 754 982 823 Matrimonium
999 756 1072 823 sive
1082 757 1184 845 justae
1194 759 1333 848 nuptiae

238 884 331 966 sunt,
353 900 461 968 quum
480 880 578 947 viret
597 879 725 947 mulier
738 881 857 967 vitam,
872 896 911 948 ut
929 882 1073 949 maritus
1089 888 1124 949 et
1139 903 1237 970 uxor,
1255 905 1332 953 una

240 1004 392 1096 degendi
416 1005 629 1075 voluntatem
659 1004 803 1094 habent,
841 1011 875 1073 et
901 1026 1121 1095 quocumque
1145 1009 1249 1077 modo
1288 1031 1331 1077 re

238 1131 446 1220 significant.
472 1131 572 1213 Quod
594 1151 677 1199 vero
696 1133 789 1222 apud
808 1151 872 1200 nos
889 1131 1061 1200 celebrari
1084 1134 1222 1223 nuptias
1242 1133 1331 1202 dici-

237 1261 306 1341 tur,
324 1257 391 1326 hoc
416 1259 595 1349 Romanis,
618 1260 710 1350 quod
732 1259 776 1327 ad
789 1259 845 1347 jus
863 1258 998 1344 attinet,
1020 1258 1123 1348 plane
1150 1261 1330 1328 insuetum

239 1387 313 1450 erat
328 1389 363 1451 et
379 1383 586 1473 inauditum,
607 1386 688 1478 quia
704 1383 867 1452 videlicet
880 1402 947 1450 nec
962 1382 1073 1451 forma
1089 1382 1243 1472 legitima
1258 1404 1330 1453 nec

238 1527 365 1598 pompa
388 1514 448 1578 aut
470 1509 656 1580 celebritas
684 1509 754 1578 ulla
782 1508 996 1597 nuptiarum,
1027 1527 1142 1596 neque
1166 1528 1330 1598 personae

237 1633 388 1722 publicae
404 1635 620 1704 interventus
635 1642 693 1704 aut
711 1635 815 1703 ullius
829 1634 1052 1701 instrumenti
1067 1633 1235 1702 confectio
1249 1634 1328 1723 iure

236 1759 492 1847 requirebatur.
523 1761 603 1831 Non
628 1761 723 1829 enim
748 1759 865 1827 divina
894 1777 952 1826 res
974 1762 1028 1826 est
1052 1757 1326 1847 matrimonium,

239 1883 303 1951 sed
326 1885 436 1954 civilis
453 1891 489 1954 et
506 1886 716 1971 domestica3
734 1904 805 1953 non
823 1883 956 1973 publici
978 1884 1079 1972 Juris,
1099 1884 1159 1951 sed
1180 1884 1325 1972 privati3

239 2009 601 2083 etsisacralaciebant
618 2010 687 2105 (1),
702 2010 848 2100 auguria
866 2009 1062 2098 capiebant,
1089 2013 1125 2076 et
1146 2008 1229 2077 deos
1243 2029 1329 2098 pre-

240 2136 409 2206 cabantur
422 2132 485 2232 (2),
508 2138 574 2206 etsi
591 2159 671 2207 cum
689 2137 790 2206 taedis
805 2139 840 2204 et
856 2134 1017 2204 cantibus
1029 2154 1157 2225 pompa
1171 2135 1328 2205 duceba-

239 2265 308 2348 tur,
329 2282 456 2350 sponsa
475 2282 566 2350 aqua
583 2268 618 2330 et
637 2263 710 2351 igni
729 2260 967 2348 accipiebatur
988 2264 1022 2327 et
1040 2258 1203 2327 flammeo
1223 2265 1328 2348 caput

239 2385 453 2475 obnubebat,
467 2388 511 2456 ad
522 2387 811 2457 consuetudinem
821 2385 1004 2474 majorum,
1017 2405 1088 2453 non
1096 2386 1140 2454 ad
1150 2390 1327 2475 praecepta

239 2511 369 2600 legum,
389 2512 456 2581 ista
473 2513 590 2582 omnia
606 2514 812 2608 agebantur.

289 2636 488 2726 Saepissime
508 2638 545 2704 in
561 2638 716 2706 Terentii
724 2636 850 2707 labulis
867 2634 1029 2704 deductio
1046 2635 1084 2702 in
1099 2635 1241 2704 domum
1256 2655 1329 2703 ma·

239 2763 297 2831 riti
317 2768 608 2832 commemoratur
626 2763 691 2854 (3),
714 2783 780 2831 nec
805 2762 992 2847 immerito,
1021 2780 1173 2849 namque
1200 2760 1329 2829 deduc·

240 2888 334 2956 tione
365 2888 571 2977 plerumque
604 2889 801 2957 declaratur
824 2888 889 2955 viri
916 2887 1143 2974 mulierisque
1170 2886 1328 2955 voluntas

239 3012 499 3081 matrimonium
518 3013 758 3099 contrahendi,
778 3018 813 3080 at
829 3012 953 3079 marito
971 3010 1232 3079 consuetudinis
1248 3011 1328 3078 vitae

240 3137 385 3207 facultas
411 3138 524 3207 datur.
550 3138 664 3220 Quare
693 3159 713 3207 a
734 3137 943 3207 deductione
962 3137 1169 3225 plerumque
1190 3136 1328 3205 initium

277 3455 317 3530 (l)
336 3455 376 3514 el.
394 3455 531 3528 Phormio,
546 3455 590 3526 lV,
605 3457 632 3524 l,
645 3471 670 3511 v.
687 3457 735 3512 2⁴.

278 3549 316 3616 (2)
387 3545 440 3602 Abi
455 3548 584 3617 domum,
599 3560 634 3601 uc
650 3545 718 3601 deos
734 3559 926 3618 comprecare,
943 3549 976 3600 ul
990 3557 1107 3599 uxorem
1120 3557 1260 3599 accersas.

856 3631 998 3702 (adelphi,
1017 3628 1064 3696 lv,
1087 3631 1114 3700 5,
1129 3645 1159 3686 r.
1184 3631 1241 3699 65.)

281 3727 321 3798 (3)
393 3724 491 3782 Dotem
507 3721 531 3780 si
544 3721 676 3795 accipiet,
693 3737 765 3779 uxor
778 3723 909 3780 ducenda
924 3725 967 3776 est
981 3720 1113 3776 domum.

881 3790 1082 3862 (Phorm.,·lll,
1098 3794 1126 3858 4,
1140 3804 1167 3846 a.
1183 3789 1240 3859 42.)

388 3882 484 3938 Fidem
501 3880 582 3948 dans,
594 3879 706 3952 jurans,
721 3895 751 3936 so
765 3878 844 3935 illam
857 3880 1010 3935 ducturum
1025 3877 1157 3932 domum.

928 3948 1006 4022 (Aa,
1022 3947 1075 4018 lll,
1090 3951 1118 4020 l,
1132 3963 1160 4004 r.
1176 3951 1239 4017 lt.)

384 4039 535 4112 Nunquam
548 4038 597 4096 illa
611 4039 673 4095 riva
688 4039 840 4097 lucturum
856 4052 976 4094 uxorem
991 4036 1121 4094 domum.

972 4109 1067 4179 (lieo,
1082 4106 1102 4179 l,
1119 4110 1148 4167 l.
1160 4123 1187 4164 r.
1203 4106 1238 4179 t.)

386 4200 550 4271 Antequam
566 4215 629 4257 eam
646 4215 761 4257 uxorem
775 4198 904 4257 duxisset
919 4197 1053 4254 domum.

965 4265 1070 4340 (ibim,
1085 4271 1114 4338 2,
1128 4281 1157 4324 r.
1176 4269 1206 4323 lt
1218 4267 1241 4339 .)

286 4359 348 4416 ulils
362 4358 447 4418 locis.
