3172 5370
791 595 968 661 ,50-

331 783 529 874 anteposuit
536 781 686 871 legibus,
701 801 799 870 quas,
820 786 855 849 et
866 781 903 848 in
913 780 1031 851 fabula
1045 801 1123 870 quae
1137 784 1211 851 tota
1223 801 1339 872 graeca
1355 786 1416 869 est,

331 910 436 978 silere
444 907 560 997 jussit,
575 905 644 975 nisi
658 911 777 975 tamen
788 911 876 974 aute
892 926 1006 994 graeca
1018 905 1169 995 quadam
1185 906 1265 996 lege
1277 910 1350 996 tota
1364 926 1416 974 res

332 1032 502 1126 pendeat,
526 1037 565 1102 ut
582 1032 620 1100 in
637 1032 847 1101 Phormione
868 1031 927 1121 (1),
949 1037 1009 1100 aut
1031 1032 1089 1101 lex
1109 1031 1198 1100 adeo
1220 1035 1305 1101 nota
1317 1033 1363 1100 sit
1379 1051 1417 1100 ao

330 1158 535 1250 pervulgata
546 1162 587 1227 ut
603 1177 681 1225 eam
695 1157 853 1247 plerique
864 1177 937 1225 non
948 1157 1108 1247 ignorent
1124 1152 1188 1251 (2).
1201 1157 1307 1246 Ergo,
1328 1157 1417 1246 quod

330 1283 375 1352 ad
390 1285 447 1373 Jus
460 1284 595 1364 attinet,
610 1280 814 1351 Graecorum
822 1282 977 1372 vestigiis
993 1281 1148 1350 timidius
1162 1282 1332 1351 institisse
1350 1302 1418 1351 non

332 1413 497 1499 arguetur
510 1405 704 1493 Terentius,
736 1427 818 1475 nam
833 1426 910 1495 quae
935 1426 1049 1496 graeca
1067 1405 1160 1496 apud
1184 1406 1416 1476 Menandrum

300 1558 304 1581 =
331 1538 391 1601 aut
406 1531 655 1622 Apollodorum
680 1532 824 1616 invenit,
846 1551 990 1600 romana
1012 1531 1107 1619 lecit,
1136 1550 1208 1600 non
1231 1532 1419 1600 verborum

332 1656 569 1725 tantummodo
589 1655 762 1745 elegantia
777 1660 812 1723 et
826 1657 1050 1744 proprietate,
1074 1655 1259 1724 sedetiam
1282 1676 1418 1725 morum

158 1840 169 1889 ἱ,
182 1814 215 1859 ,o
298 1834 306 1873 ,
330 1786 433 1870 atque
454 1781 691 1850 institutorum
713 1781 873 1850 veritate.
896 1781 998 1850 Unde
1019 1801 1090 1850 non
1108 1781 1235 1870 injuria
1255 1780 1417 1871 colligere

305 1894 439 1995 {queas
462 1928 469 1973 :
493 1911 645 1995 poetam,
671 1907 732 1995 qui
747 1906 803 1974 vel
820 1906 858 1973 in
872 1907 989 1996 legum
1015 1906 1222 1995 ambagibus
1242 1906 1292 1974 ita
1317 1927 1420 1996 expe·

318 2030 406 2120 ,dite
413 2036 574 2100 versetur
590 2037 640 2120 ut,
655 2032 786 2100 reliotis
803 2033 927 2122 graeois
945 2033 1217 2122 exemplaribus
1239 2053 1284 2101 ex
1295 2053 1334 2101 se
1348 2032 1419 2122 ple-

331 2175 439 2245 raque
461 2154 593 2245 efferat,
614 2157 652 2224 in
666 2157 797 2245 multis,
819 2177 897 2246 quae
911 2177 974 2226 nos
992 2158 1140 2247 lugiunt,
1159 2159 1269 2226 multa
1285 2159 1420 2247 excogi-

330 2284 406 2349 tare
431 2282 597 2370 potuisse.
620 2281 707 2351 Nam
725 2283 791 2350 etsi
818 2283 856 2349 in
878 2303 948 2350 uno
972 2288 1031 2351 aut
1054 2283 1163 2351 altero
1190 2282 1345 2373 prologo,
1377 2304 1420 2350 ex

331 2405 467 2494 integra
488 2426 602 2495 graeca
620 2407 791 2497 integram
817 2407 1023 2475 comoediam
1048 2402 1102 2501 (3)
1129 2426 1167 2474 se
1187 2406 1313 2475 fecisse
1336 2408 1422 2476 fate·

330 2536 399 2618 tur,
421 2536 541 2599 tamen
568 2551 639 2600 non
667 2532 851 2601 verbume
876 2532 984 2602 verbo
1006 2552 1087 2600 eum
1106 2533 1334 2621 expressisse,
1358 2532 1422 2600 sed

330 2654 439 2724 multa
458 2654 502 2723 ad
520 2675 701 2724 romanam
724 2656 1012 2725 consuetudinem
1037 2655 1290 2745 informavisse,
1316 2662 1422 2746 atque

344 2747 436 2775 k·-

205 2804 214 2841 ⁶.
330 2780 368 2847 in
383 2779 497 2848 forum
515 2799 700 2849 romanum
713 2780 872 2870 palliatos
887 2781 1067 2850 induxisse
1081 2781 1244 2849 vidimus,

337 2978 592 2987 uon-„anuum

366 3093 405 3166 (l)
422 3093 492 3153 vide
507 3110 603 3167 supra,
620 3113 652 3166 p.
670 3100 716 3149 at.

365 3186 406 3256 (2)
426 3184 528 3255 supra,
542 3200 571 3255 p.
588 3184 636 3237 ⁴7.

367 3273 408 3343 (3)
425 3272 544 3339 Heaut„
561 3288 589 3330 r.
609 3272 641 3343 d,
655 3271 692 3328 el.
708 3274 791 3343 dun,
808 3285 837 3328 v.
853 3271 887 3328 le
903 3279 931 3327 et
946 3278 990 3330 Σο.

767 3513 989 3524 w..—

832 3815 860 3864 vt
880 3815 888 3865 i
976 3829 1012 3865 re
1032 3817 1061 3864 ἐ

405 3894 508 3946 Lutetia
519 3895 672 3945 Parisiorum
682 3898 710 3946 ia
719 3898 834 3957 Sartona,
844 3815 976 3946 adddcle}
984 3815 1040 3946 Ιιῖαξι.
1051 3900 1114 3958 febr.
1125 3912 1166 3948 an.
1182 3900 1426 3959 unccomvm.

596 3977 729 4026 Facultotir
742 3978 828 4025 litter.
843 3978 869 4024 in
884 3980 959 4028 Aead.
975 3977 1055 4027 Poris.
1069 3979 1189 4039 veranus,

830 4056 866 4114 H.
887 4057 1047 4117 WALLON.

412 4143 485 4208 lypis
499 4144 630 4196 mandetur
644 4158 651 4191 ι

334 4224 468 4272 Academica
480 4224 626 4272 Pardrtensr's
640 4230 729 4282 rector,

406 4308 439 4359 A.
465 4303 635 4361 liudoldo.
