3172 5370
634 572 811 640 ..11-

176 759 268 848 capit
287 755 559 826 matrimonium.
593 755 844 824 Verumtamen
887 758 922 821 et
950 752 1025 820 sine
1056 748 1263 818 deductione

173 883 250 951 fieri
270 887 416 973 possunt
427 882 529 971 justae
548 881 692 970 nuptiae,
718 887 776 950 aut
796 881 901 949 etiam
917 879 955 947 in
974 882 1109 947 certum
1124 881 1264 965 tempus

172 1015 250 1097 post
267 1008 513 1076 deductionem
527 1007 725 1097 promoveri
737 1001 800 1100 (1).

221 1133 369 1221 Nuptias
379 1138 498 1199 tamen
510 1151 581 1200 non
596 1132 689 1200 solus
706 1151 896 1200 consensus
905 1129 988 1199 lacit
1006 1127 1154 1197 :semina
1167 1126 1261 1194 enim

172 1256 299 1325 absens
313 1256 448 1325 nubere
465 1275 536 1323 non
551 1260 666 1345 potest
680 1256 745 1348 (ip
765 1255 828 1324 sed
842 1275 908 1324 nec
927 1254 1115 1324 concubitu
1130 1251 1261 1321 consti-

170 1386 316 1450 tuuntur
332 1403 339 1449 :
359 1380 603 1450 etenimbonae
623 1386 704 1449 sunt
720 1381 893 1471 Pamphili
903 1381 1048 1471 nuptiae,
1064 1397 1262 1468 quanquam

169 1527 314 1575 uxorem
331 1527 402 1575 non
421 1507 534 1595 attigit
551 1503 613 1600 (3).
635 1507 743 1576 Justaa
768 1508 902 1575 scilicet
930 1506 1061 1595 nuptiae
1081 1508 1162 1573 sunt
1185 1523 1265 1571 con·

171 1632 320 1700 suetudo
337 1631 419 1700 vitae
438 1650 517 1720 quae
532 1636 614 1701 lunc
627 1632 770 1700 demum
784 1633 906 1721 incipit
919 1631 1057 1721 quando
1069 1628 1197 1698 mulier
1213 1627 1264 1696 ibi

170 1762 225 1825 est
242 1757 305 1826 ubi
322 1777 400 1825 eam
421 1777 499 1825 esse
525 1757 671 1827 maritus
700 1758 818 1826 voluit.
847 1759 932 1826 Haec
961 1757 1066 1846 igitur
1096 1753 1264 1824 vocabula

139 1944 142 1955 ,
169 1879 287 1950 dacem
303 1900 440 1950 oaorem
464 1885 500 1950 et
518 1880 652 1967 autera,
669 1902 740 1950 non
764 1881 895 1970 aliquid
923 1881 1016 1971 quod
1043 1879 1263 1949 matrimonio

169 2007 408 2076 necessarium
441 2007 502 2095 sit,
543 2007 605 2075 sed
637 2007 876 2076 tantummodo
911 2027 1045 2076 morem
1075 2005 1263 2095 quemdam

169 2136 271 2221 atque
291 2152 395 2199 usum
411 2132 596 2200 ostendere
612 2132 835 2202 manifestum
854 2138 918 2202 est.

218 2258 397 2326 Hactenus
414 2257 458 2325 de
476 2263 601 2327 natura
613 2265 648 2326 et
663 2257 775 2327 forma
790 2250 1004 2348 nuptiarum.

135 2368 137 2375 ’
217 2382 311 2450 Fieri
329 2387 446 2451 autem
471 2387 608 2471 poterat
626 2387 665 2450 ut
687 2388 767 2450 ante
783 2383 1045 2453 matrimonium
1065 2382 1260 2450 intercede-
1273 2387 1465 2440 dumella-t

169 2511 249 2574 rent
265 2507 452 2596 sponsalia,
472 2507 508 2575 id
527 2513 580 2575 est
596 2506 772 2596 stipu¹atio
794 2513 828 2576 et
848 2508 1033 2598 promissio
1060 2506 1256 2575 futurarum
1295 2534 1299 2541 ·

169 2632 387 2720 nuptiarum3
410 2652 488 2721 quae
499 2633 671 2720 quomodo
682 2633 971 2701 contraherentur
993 2631 1098 2701 tradit
1114 2630 1254 2701 Servius

170 2755 343 2845 Sulpicius
361 2757 454 2844 apud
473 2756 603 2825 Aulum
626 2757 778 2826 Gellium
794 2758 849 2825 his
869 2758 1012 2828 verbis:
1040 2779 1056 2824 (1
1081 2756 1149 2838 Qui
1175 2775 1257 2824 uxo·

169 2902 244 2948 rem
264 2882 432 2950 ducturus
453 2888 538 2969 erat,
561 2882 605 2951 ab
625 2902 667 2949 eo
688 2883 782 2950 unde
802 2883 962 2951 ducenda
979 2888 1054 2950 erat
1071 2880 1259 2970 stipulaba-

167 3011 313 3075 tuream
333 3007 370 3073 in
393 3007 655 3075 matrimonium
675 3007 818 3077 ductum
836 3008 892 3076 iri.
916 3007 983 3089 Qui
1009 3008 1153 3076 daturus
1184 3009 1259 3073 erat

168 3131 291 3199 itidem
310 3131 505 3220 spondebat
525 3133 699 3208 daturum.
723 3133 757 3201 Is
777 3137 973 3202 contractus
997 3131 1259 3222 stipulationum

168 3255 462 3345 sponsionumque
491 3256 673 3325 dicebatur
693 3257 868 3347 sponsalia
880 3245 982 3348 (4).»
1005 3256 1135 3326 Priscis
1153 3257 1259 3346 igitur

203 3591 243 3660 (Ι)
261 3586 399 3658 seacula,
420 3587 452 3645 ir.
467 3589 511 3658 66,
527 3588 606 3658 aig„
619 3589 655 3646 do
676 3589 881 3648 donationibus
895 3590 969 3648 inter
982 3591 1072 3647 virum
1085 3597 1112 3647 et
1127 3564 1254 3661 uxorem,

189 3680 200 3731 t
253 3721 259 3734 .

168 3681 183 3732 ξ
201 3680 241 3836 (ἳέ
257 3763 372 3836 Paulus,
382 3765 505 3824 sentent.
529 3767 567 3836 ΙΙ,
588 3769 633 3839 lo,
646 3768 660 3842 ἓ
674 3774 704 3828 8.

202 3855 241 3927 (st)
291 3854 324 3910 Ut
342 3854 377 3910 ad
395 3859 632 3938 pauearedeum,
645 3874 761 3915 uxorem
777 3858 895 3916 deducit
909 3858 1043 3915 domum.

292 3926 382 4002 Noeta
397 3925 446 3981 illa
459 3942 551 3997 pruna
562 3928 704 3993 virainern
718 3946 778 3986 non
798 3930 910 4001 attigit:

291 4001 361 4064 Quae
375 4004 530 4053 consecuta
546 4006 745 4070 cananeum,
762 4001 856 4058 nihilo
872 4001 977 4073 inagis.

455 4111 496 4126 ...
521 4069 628 4127 Diebus
642 4088 711 4129 sane
724 4072 854 4144 pauculis

291 4135 367 4208 Post,
384 4136 550 4209 Pamphilus
563 4156 608 4198 me
624 4143 716 4199 solum
732 4144 845 4200 seducit
858 4141 941 4212 lorus,

293 4208 448 4278 Narratque
465 4215 496 4265 ut
508 4212 587 4282 virgo
600 4211 636 4270 ab
650 4229 681 4270 so
696 4214 807 4284 integra
819 4214 905 4270 etiam
922 4223 982 4271 tum
997 4213 1064 4272 siat.

788 4285 1003 4355 <Hee.‚l‚a‚v.
1023 4290 1157 4356 laets.)

205 4367 244 4436 (t)
270 4367 362 4423 doctas
374 4370 473 4439 atticae,
489 4370 534 4436 Ill,
550 4371 579 4427 l.
