3172 5370
659 591 812 657 „7-

192 773 453 864 consequentia,
480 772 593 841 obiter
617 773 851 864 attinguntur3
879 793 1026 864 quorum
1044 797 1181 846 unum:
1209 798 1281 848 non

190 901 321 970 validas
341 919 419 968 esse
439 900 578 988 nuptias
595 899 664 967 nisi
682 899 792 988 patris
816 919 1008 969 consensus
1036 901 1277 993 intervenerit,

190 1045 298 1114 quum
315 1023 358 1091 de
375 1023 477 1111 justis
495 1022 625 1111 nuptiis
648 1022 859 1111 videbimus
878 1022 1038 1111 pluribus
1055 1023 1282 1113 amplificabi-

188 1156 246 1219 tur
261 1172 269 1236 ;
296 1149 445 1218 alterum
462 1167 545 1216 vero
561 1148 630 1216 tale
647 1152 701 1215 est
723 1169 731 1216 :
748 1148 987 1237 patrifamilias
1005 1149 1113 1218 licere
1126 1151 1220 1240 quod
1237 1171 1280 1222 ex

113 1273 124 1292 ⁴
188 1295 295 1344 uxore
316 1294 378 1342 sua
397 1278 519 1342 natum
538 1272 583 1341 sit
600 1276 664 1341 aut
677 1271 799 1342 tollere
816 1277 875 1341 aut
898 1293 1086 1362 exponere.
1106 1274 1164 1346 Sia
1183 1276 1278 1345 enim

188 1403 307 1470 narrat
325 1398 481 1468 Sostrata
495 1397 621 1466 marito
640 1417 703 1467 suo
719 1419 727 1466 :

187 1579 440 1644 Meministin’me
450 1598 516 1642 esse
527 1579 702 1659 gravidam,
711 1583 742 1641 et
751 1578 829 1640 mihi
838 1584 870 1641 te
881 1598 1027 1642 maxumo
1038 1598 1133 1656 opere
1143 1581 1275 1656 edicere,

187 1679 230 1740 Si
237 1678 369 1761 puellam
383 1697 521 1762 parerem
535 1677 616 1739 nolle
630 1676 698 1738 rolli
704 1677 719 1740 l

701 1773 837 1855 (Heaut,
854 1777 903 1847 lv,
920 1780 951 1854 l,
965 1798 996 1839 v.
1016 1779 1098 1842 laet
1114 1778 1176 1860 Η.)

187 1945 251 2015 Cui
270 1948 417 2016 maritus
433 1971 440 2015 :

644 2171 785 2190 .....
810 2129 843 2191 si
857 2148 962 2192 meum

185 2229 355 2307 Imperium
371 2228 501 2308 exsequi
514 2227 676 2302 voluisses,
693 2228 899 2311 interemptam
913 2230 1057 2310 aportuit.

956 2325 997 2408 (v.
1013 2329 1048 2394 il
1067 2333 1098 2389 et
1112 2329 1175 2409 92.)

233 2502 251 2571 J
252 2523 293 2570 us
308 2502 438 2591 quippe
453 2498 564 2568 fflium
584 2498 768 2567 occidendi
784 2499 875 2589 patri
889 2502 1089 2588 competere
1103 2519 1208 2569 nemo
1222 2507 1276 2570 est

185 2627 244 2716 qui
258 2627 393 2695 neseiat
403 2619 467 2718 (1);
486 2644 554 2693 nee
569 2623 690 2692 nisiab
705 2623 858 2693 Adriano
868 2624 1077 2714 imperatore
1089 2627 1127 2694 in
1137 2632 1274 2715 patrem

184 2752 371 2841 quemdam
389 2749 671 2819 animadversum
688 2753 741 2817 est
752 2746 816 2842 (2),
834 2755 869 2818 et
885 2769 906 2818 a
925 2749 1162 2842 Constantino,
1182 2772 1274 2823 anno

183 2877 311 2947 Christi
331 2875 579 2945 trecentesimo
602 2874 738 2943 decimo
757 2895 862 2963 nono,
882 2877 1092 2966 generaliter
1111 2879 1275 2947 eonstitu-

181 3006 256 3068 tum
268 3006 307 3069 ut
323 2998 502 3089 quidlium
515 3020 618 3068 suum
634 2999 821 3069 occidisset
831 3000 1010 3089 parricidii
1025 3021 1166 3091 poenam
1181 3004 1276 3072 subi·

182 3131 236 3194 ret
254 3121 321 3221 (3).
342 3125 441 3194 ldem
453 3130 573 3193 tamen
589 3127 778 3217 imperator
791 3132 956 3216 parentes
969 3132 1113 3218 propter
1128 3128 1273 3197 nimiam

182 3255 438 3342 paupertatem,
469 3250 582 3320 vietus
599 3271 716 3341 causa,
735 3251 847 3320 filium
864 3250 1014 3321 filiamve
1032 3254 1275 3344 sanguinolen-

183 3381 249 3465 tos,
266 3375 304 3445 id
322 3380 377 3444 est
392 3380 554 3444 recentes
569 3396 590 3444 a
607 3382 723 3466 partu,
735 3377 889 3446 vendere
903 3378 1065 3466 permisit
1081 3372 1148 3471 (4)

234 3501 335 3585 Quod
361 3502 392 3570 si
423 3500 643 3572 filiofamilias
668 3523 756 3572 uxor
771 3503 962 3592 pepererit,
986 3508 1086 3592 pater
1101 3503 1199 3592 eujus
1215 3503 1274 3572 ille

195 3721 689 3730 mm.-v---—--...—.-„
725 3724 735 3728 ».
743 3723 845 3729 --..--
853 3724 859 3728 .
866 3723 1268 3733 ,1--<-.---.-..--·-—-—-—-

218 3838 258 3906 (ll
278 3837 386 3906 Cieero,
409 3839 566 3907 ProDama,
598 3839 665 3905 εἰς)
690 3854 697 3892 :
797 3857 811 3887 a
835 3842 866 3892 ut
891 3835 924 3892 iu
944 3843 970 3893 le
994 3836 1025 3894 Ρ.
1056 3837 1190 3894 Fonteius
1210 3841 1273 3894 ultre

183 3925 323 3995 necisque
338 3932 502 3995 potestatem
520 3924 648 3990 haboret,
663 3931 695 3980 ut
709 3923 740 3980 iu
754 3923 827 3982 lilio.
847 3946 862 3976 »

217 4013 257 4078 (2)
277 4013 448 4084 Marcianus,
465 4013 500 4069 ir.
515 4015 542 4084 t,
558 4014 634 4083 Βῑε.ι
647 4014 683 4068 da
702 4011 765 4084 lege
781 4012 916 4083 Pompeia
931 4014 965 4070 da
981 4014 1152 4084 parricidiis,
1171 4017 1214 4085 tt,
1230 4019 1269 4074 9:
1314 4027 1316 4033 '

183 4102 301 4157 «Divus
327 4103 487 4160 Hadrianus
509 4103 607 4171 turtur,
630 4118 695 4158 erim
711 4103 742 4158 in
761 4102 913 4158 venatione
936 4103 1028 4159 tilium
1050 4120 1133 4160 suum
1155 4104 1270 4175 quidam

183 4198 343 4261 trecarrrat,
359 4192 409 4262 qui
422 4207 573 4248 nouercam
588 4189 775 4261 adulterabat,
792 4192 821 4247 in
838 4190 963 4248 insulam
982 4208 1048 4249 aum
1064 4195 1238 4265 deportasse.
1258 4214 1269 4244 a

219 4278 257 4348 (3)
281 4279 313 4337 t.
333 4295 388 4336 uu.
405 4280 493 4351 cod,
506 4280 540 4336 do
557 4279 601 4335 his
616 4280 665 4350 qui
679 4279 785 4336 liberos
797 4281 839 4335 vul
854 4288 986 4352 parentas
998 4284 1143 4352 occidunt,
1158 4288 1186 4354 9,
1203 4285 1250 4341 tr.

219 4369 258 4434 tlt
279 4366 308 4423 L.
325 4383 378 4424 uu.
395 4369 467 4425 Cod.
486 4370 554 4436 lla,
570 4369 606 4424 do
622 4368 665 4424 his
680 4367 730 4438 qui
745 4369 993 4441 sanguinolentos,
1010 4376 1079 4442 5,8.
