3172 5370
644 577 750 645 ..M
777 615 821 628 ..

185 765 309 853 inquit,
321 757 541 834 hicmaneat'.
561 782 578 827 t
597 753 646 854 (ν.
659 754 736 853 33).
753 757 1108 852 Ceterumpecuniam
1127 774 1165 823 se
1181 751 1280 821 dissi·

184 890 322 979 pavisse
334 888 462 956 latetur
483 906 490 953 :

308 1126 317 1143 .
341 1126 349 1142 .
375 1126 381 1140 .
407 1125 415 1142 .
437 1080 504 1158 ligo
519 1078 767 1160 dc'scrzptz'porro
782 1081 845 1142 illis
861 1080 975 1160 quibus
987 1078 1093 1140 debui.

797 1178 948 1259 (Pdorm.‚
966 1175 1002 1251 V,
1019 1178 1049 1250 8,
1065 1196 1096 1238 v.
1111 1176 1174 1259 30.)

187 1363 294 1432 Solvit
319 1362 464 1451 scilicet,
487 1367 522 1430 et
547 1367 608 1431 aut
634 1362 672 1430 in
691 1362 810 1431 codice
830 1362 1039 1432 solutionem
1056 1361 1276 1449 memoravit,

187 1492 260 1576 aut,
274 1487 304 1554 si
317 1486 443 1556 litteris
457 1492 538 1555 nata
551 1487 596 1555 sit
616 1486 792 1577 obligatio,
809 1487 934 1556 litteris
952 1507 1030 1556 eam
1046 1487 1213 1556 dissolvit.

235 1612 380 1681 Novatio
393 1616 466 1698 est,
488 1612 640 1700 exempli
658 1613 781 1701 gratia,
799 1632 906 1701 quum
923 1631 1103 1680 versuram
1119 1611 1271 1698 iaciunt3
1290 1621 1317 1661 Ν
1334 1617 1460 1660 mulne·

188 1741 227 1804 ut
238 1737 275 1803 in
291 1734 501 1804 Phormione
518 1735 683 1804 translato
696 1735 805 1805 verbo
819 1735 948 1804 dicitur
969 1756 976 1802 :

919 1907 1046 1970 Versum
1060 1908 1173 1983 solveS,

307 2007 401 2067 Geta:
415 2006 901 2085 praesensquodfueratmalum,
919 2005 1046 2067 indiam
1065 2006 1156 2083 abiit,
1167 2007 1270 2087 plagae

1105 2107 1272 2181 [crescunt.

856 2203 906 2276 (V,
922 2204 954 2279 2,
968 2222 998 2263 v.
1017 2206 1053 2266 lt
1070 2207 1101 2264 et
1116 2203 1179 2282 16.)

187 2369 341 2440 Versura
354 2374 472 2438 autem
489 2368 590 2437 solvit
607 2367 667 2456 qui
682 2366 841 2436 debitum
861 2387 931 2435 aere
947 2367 1061 2437 alieno
1081 2368 1182 2437 solvit
1196 2364 1247 2461 (1)
1269 2389 1276 2436 :

188 2494 281 2582 quod
298 2513 455 2583 praesens
473 2491 670 2560 debebatur
682 2492 720 2559 in
734 2491 828 2558 diem
842 2491 1042 2569 debebitur,
1062 2491 1125 2560 sed
1140 2493 1278 2582 gravius

188 2619 254 2688 erit
272 2619 365 2708 quod
379 2617 424 2686 ad
433 2623 563 2686 sortem
574 2616 783 2706 plerumque
799 2636 917 2685 usurae
930 2616 1159 2686 accedebant.

236 2742 474 2832 Aequirebant
484 2747 601 2810 autem
614 2742 763 2810 Romani
772 2760 843 2809 non
857 2741 969 2810 solum
980 2761 1045 2830 per
1055 2742 1274 2832 semetipsoS,
1291 2749 1467 2845 ”lpgpglpg‘ggfw

189 2870 252 2939 sed
269 2869 375 2937 etiam
391 2888 456 2957 per
478 2887 537 2935 eas
559 2886 728 2956 personas
744 2886 831 2956 quas
843 2866 881 2933 in
898 2885 961 2933 sua
975 2871 1146 2955 potestate
1166 2866 1278 2936 habe-

189 2996 285 3082 bant,
302 2993 410 3061 veluti
430 3012 494 3082 per
513 3011 645 3060 servos.
663 2991 839 3073 Quaelibet
859 3011 917 3059 res
935 2991 1125 3079 corporalis
1140 2997 1200 3060 aut
1222 2993 1280 3060 in-

190 3117 378 3209 corporalis
398 3136 535 3185 aservo
550 3117 709 3204 quaesita,
737 3116 877 3185 domino
897 3116 1101 3204 acquiritur.
1120 3117 1191 3185 Sed
1209 3137 1281 3186 mo-

190 3246 238 3314 ris
265 3263 406 3332 semper
426 3240 491 3310 luit
506 3241 697 3330 peculium,
720 3241 820 3329 quasi
836 3241 1084 3329 patrimonium
1098 3242 1276 3331 pusillum,

189 3375 229 3438 ut
253 3369 301 3436 ait
321 3367 492 3456 Ulpianus
516 3361 580 3458 (2),
604 3365 714 3433 servis
737 3365 963 3433 demandare.
985 3364 1112 3435 Stricto
1140 3367 1281 3455 quidem

188 3494 279 3582 jure,
298 3512 377 3580 quae
396 3491 434 3559 in
445 3489 583 3581 peculio
596 3495 678 3558 sunt
690 3510 761 3557 non
783 3489 948 3558 desinunt
961 3490 1093 3558 domini
1112 3511 1203 3581 esse,
1227 3493 1284 3561 cui

190 3619 343 3689 liberum
361 3621 416 3685 est
432 3616 525 3684 servi
535 3614 715 3706 peculium
732 3615 789 3683 vel
810 3635 952 3704 augere,
964 3616 1021 3684 vel
1037 3617 1211 3705 minuere,
1226 3619 1283 3687 vel

190 3749 301 3812 totum
309 3740 1281 3829 adimere.Interimtamen,usuatqueadministratione,

632 3956 877 3964 ...-—.-—-—--

118 4122 122 4125 ,
227 4070 266 4139 (t)
285 4066 327 4123 Cl.
338 4066 443 4135 Cicero,
457 4064 604 4120 tusculan.
620 4063 644 4127 1,
668 4063 700 4117 42
717 4079 724 4116 t
738 4078 752 4116 o
832 4059 872 4117 illi
883 4062 1037 4119 maximam
1049 4063 1169 4134 gratiam
1181 4064 1284 4138 babeo,

192 4157 241 4226 qui
254 4171 298 4211 mo
313 4170 345 4210 oa
357 4169 441 4225 poena
457 4151 645 4221 mulctaverit,
659 4166 744 4222 quam
760 4161 825 4203 stoc
838 4151 1027 4223 mutuatione,
1048 4159 1076 4209 et
1095 4154 1157 4210 sine
1173 4169 1285 4210 versura

192 4260 303 4320 possem
316 4242 479 4299 dis-obem.
501 4262 514 4293 n

229 4333 267 4404 (2)
288 4333 335 4388 Fr.
352 4334 433 4403 553,
449 4331 528 4402 big„
542 4331 578 4388 do
591 4329 716 4403 peculio,
735 4333 776 4401 13,
791 4337 819 4390 l.
