3172 5370
638 612 814 680 ..33-

176 793 236 875 ,Re
265 793 407 882 quidem
430 813 526 877 vera,
543 813 658 884 neque
679 793 855 864 successio
872 812 988 882 neque
1018 794 1089 863 ulla
1111 795 1273 884 obligatio

185 923 250 1006 est,
267 937 376 1006 quum
397 918 485 987 falso
501 917 681 988 Corinthia
700 939 788 988 anus
801 918 946 1008 virginis
960 924 1073 987 mater
1084 919 1129 987 sit
1139 915 1271 1007 habita,

184 1062 306 1111 verum
324 1043 401 1111 haec
418 1043 467 1112 ita
483 1062 561 1111 esse
577 1044 711 1113 credita
723 1048 817 1132 sunt,
835 1048 871 1112 et
885 1043 977 1113 hanc
991 1044 1035 1115 oh
1047 1043 1153 1112 fidem
1170 1043 1276 1114 Chre·

185 1187 260 1235 mos
280 1171 423 1256 argento
447 1174 669 1258 emungetur.

233 1290 346 1359 Verus
366 1295 484 1360 autem
500 1311 541 1361 ac
552 1291 729 1382 legitimus
741 1291 897 1382 pignoris
911 1297 1109 1362 contractus
1120 1293 1159 1361 in
1169 1291 1278 1363 Phor·

187 1415 303 1484 mione
331 1421 637 1497 commemoratur,
665 1416 748 1486 dum
773 1416 947 1486 fallaciam
975 1417 1067 1487 hano
1090 1418 1128 1486 in
1153 1437 1276 1487 senem

186 1539 467 1610 mmmdm:
1260 1517 1263 1524 ’

682 1742 765 1821 Ager
779 1742 942 1822 oppositus
957 1746 1004 1805 est
1011 1744 1138 1826 pr'qoori

347 1837 394 1899 Oh
409 1837 517 1901 decem
532 1857 623 1900 mnas
627 1883 766 1902 .....

845 1938 907 2019 (lV,
923 1938 954 2010 3,
969 1957 1000 2000 v.
1017 1939 1055 2005 56
1068 1943 1100 2000 et
1112 1939 1177 2018 δι’.)

188 2147 349 2216 Mutuum
366 2165 516 2235 quoque,
538 2145 575 2212 in
593 2145 774 2245 Adelphis
789 2147 945 2216 futurum
957 2166 1035 2216 esse
1049 2148 1176 2218 dicitnr
1185 2149 1277 2217 inter

189 2272 368 2341 domnum
382 2275 417 2338 et
442 2290 582 2339 servum
601 2275 782 2340 recentem
802 2290 823 2339 a
840 2272 1116 2342 manumissione
1135 2295 1142 2340 :
1273 2355 1276 2367 μ

441 2525 582 2543 .....
606 2480 685 2541 Huic
700 2477 820 2559 aliquid
834 2481 965 2561 paulum
979 2500 1045 2558 prae
1060 2501 1156 2544 manu

351 2579 490 2652 Dederis,
506 2577 590 2640 unde
602 2582 726 2653 utatur;
743 2577 854 2640 reddet
868 2579 927 2640 tibi
940 2580 1017 2642 cito.

856 2677 1176 2759 maumam.

191 2872 287 2944 Nihil
314 2872 408 2940 enim
425 2868 669 2959 impedimenti
689 2873 764 2936 erat
780 2869 866 2957 quin
880 2869 974 2937 inter
998 2889 1071 2958 eos7
1100 2874 1219 2961 utpote
1234 2869 1278 2938 li-

191 2999 308 3086 berm,
334 3000 530 3066 contractus
549 2993 691 3082 quidam
708 2991 821 3061 fieret.

231 3125 282 3208 ‘In
307 3121 420 3191 mutui
452 3125 570 3190 aulem
595 3118 747 3206 datione,
775 3117 928 3188 creditor
952 3138 1077 3188 usuras
1119 3117 1278 3209 stipulari
1395 3205 1398 3216 ,

187 3247 322 3319 solebat
344 3268 351 3316 :

349 3411 442 3475 Gara.
468 3453 477 3472 .
502 3455 509 3471 .
534 3410 717 3488 ,Argentum
731 3402 851 3467 deerat.
866 3409 992 3470 -Dmn
1011 3406 1154 3472 Sumeret

349 3509 536 3575 llicunde...

474 3652 650 3672 ......
674 3609 706 3671 Si
720 3609 809 3672 nullo
824 3606 887 3670 olio
902 3610 1008 3682 pecto,
1023 3605 1156 3667 loenore.

724 3716 875 3797 (Phoron,
891 3717 929 3793 1¹,
948 3716 974 3788 t,
991 3734 1021 3776 v.
1039 3715 1077 3780 69
1092 3719 1124 3778 et
1138 3713 1178 3796 s)

190 3845 254 3918 Cui
266 3844 355 3914 Geta
374 3863 382 3911 ι

346 4005 418 4085 Hui,
434 4006 513 4069 dixti
527 4008 659 4086 pulchre
675 4026 683 4070 ε
701 4008 727 4071 si
737 4008 865 4090 quidem
878 4007 1046 4089 quisquam
1062 4008 1216 4084 crederet,

347 4105 388 4169 Te
402 4106 479 4169 vieo.

953 4205 997 4287 (v.
1014 4204 1052 4268 72
1068 4210 1100 4267 et
1113 4205 1177 4282 73.)

190 4371 340 4458 Etenim,
361 4368 438 4437 vivo
455 4372 566 4458 patre,
582 4370 790 4460 plerumque
802 4369 889 4438 nihil
903 4367 1011 4438 habet
1026 4368 1278 4441 filiusfamilias·

1139 4505 1154 4557 e
