3172 5370
867 592 1045 663 -38-

413 778 674 865 liberorumque
686 777 793 844 etiam
810 775 992 844 hominum
1007 773 1138 843 lurtum
1157 774 1195 843 fit
1215 770 1283 870 (1),
1306 776 1403 846 unde
1425 778 1500 867 lege

414 903 522 973 Fabia
541 901 584 970 de
598 901 788 991 plagiariis
812 901 906 969 circa
922 900 1080 970 Terentii
1092 904 1233 969 aetatem
1251 902 1335 990 lata,
1355 903 1501 993 capitale

415 1028 550 1096 crimen
563 1028 673 1096 oritur
692 1027 722 1095 si
737 1046 859 1094 servus
871 1032 931 1095 aut
949 1026 1040 1096 liber
1051 1025 1155 1094 homo
1174 1027 1306 1096 celatus
1325 1029 1371 1096 sit
1389 1051 1412 1097 a
1425 1049 1501 1118 sup·

412 1172 575 1242 pressere
602 1147 669 1244 (2).
687 1153 768 1221 Non
791 1156 909 1219 autem
933 1151 1106 1240 rapinam,
1130 1151 1193 1218 sed
1211 1151 1345 1220 furtum
1359 1153 1502 1243 proprie

412 1278 580 1347 Chremes
599 1277 724 1345 secisse
749 1277 897 1362 dicitur;
922 1296 1074 1364 namque
1096 1277 1251 1345 nonvim
1265 1278 1392 1366 attulit,
1423 1278 1498 1366 sed,

410 1404 619 1473 al'hrasone
631 1424 739 1471 manu
754 1408 856 1492 atque
870 1402 1027 1470 exercitu
1036 1401 1241 1490 adhibitam,
1252 1403 1370 1473 verbis
1390 1403 1498 1493 depu-

408 1518 459 1597 lit.
480 1529 527 1599 Ut
534 1548 618 1596 vero
630 1528 726 1616 furti,
747 1529 797 1597 sic
813 1529 1019 1617 injuriarum
1031 1533 1092 1596 aut
1103 1527 1250 1596 civiliter
1265 1534 1324 1597 aut
1335 1529 1498 1598 crimina-

408 1654 488 1722 liter
507 1653 563 1742 agi
576 1659 711 1742 poterat
728 1648 796 1746 (3).
820 1652 966 1721 Civilem
994 1653 1169 1720 actionem
1190 1649 1246 1720 his
1263 1654 1383 1724 verbis
1408 1674 1500 1723 com-

407 1783 579 1847 memorat
592 1779 758 1848 Phormio
781 1800 789 1845 t

469 1926 641 2000 Cedodum,
668 1944 707 1986 en
729 1944 871 2005 unquam
900 1925 1082 2006 injuriarum
1109 1925 1225 1986 audisti
1252 1925 1331 1986 mihi
1348 1924 1500 2006 scriptam

1297 2102 1300 2107 ι
1370 2021 1498 2104 [direm?

1018 2117 1170 2200 (Ptorm.‚
1187 2121 1222 2193 ll,
1237 2123 1269 2199 2,
1284 2142 1314 2184 v.
1332 2121 1396 2200 115.)

407 2237 559 2323 Etenim,
577 2234 650 2302 sive
671 2234 749 2324 lege
768 2234 835 2302 llll
848 2234 1073 2321 Tabularum,
1096 2233 1168 2301 sive
1188 2239 1386 2324 apraetere,
1407 2234 1496 2323 inju-

407 2362 541 2430 riarum
568 2379 673 2449 poena
692 2359 878 2427 constituta
896 2365 971 2426 erat
990 2358 1206 2446 pecuniaria.
1224 2359 1293 2428 Per
1307 2365 1497 2449 praetorem

407 2491 524 2556 autem
549 2484 676 2553 licebat
709 2484 743 2550 ei
768 2484 828 2570 qui
855 2483 1019 2572 injuriam
1043 2484 1250 2573 accepisset,
1280 2485 1413 2553 sactum
1433 2505 1498 2574 pre

409 2609 573 2700 qualitate
590 2609 777 2694 aestimare,
797 2614 846 2695 ut,
866 2609 993 2697 judicis
1011 2608 1168 2695 arbitrie,
1184 2614 1244 2677 aut
1263 2608 1342 2677 haec
1359 2629 1498 2678 summa

408 2741 467 2805 aut
480 2736 594 2804 minor
602 2733 761 2822 quaedam
773 2732 1043 2821 adJudicaretur.
1055 2732 1155 2814 Quod
1168 2734 1310 2821 quidem
1319 2755 1391 2803 non
1400 2756 1499 2805 vere-

406 2866 464 2929 tur
472 2859 649 2945 Phormio,
667 2878 763 2946 nam,
775 2862 813 2926 ut
826 2857 885 2944 ait,
907 2857 1024 2926 «Mihi
1039 2857 1154 2926 sciunt
1167 2858 1217 2926 nil
1233 2878 1342 2926 essee
1360 2858 1404 2942 (v.
1423 2857 1495 2948 20).
1530 2914 1537 2930 .

243 3004 391 3047 neminen.
454 2985 635 3054 Tolluntur
659 2983 886 3071 obligationes
905 2983 1102 3072 praesertim
1122 2982 1291 3052 solutione
1312 2983 1386 3071 ejus
1405 2985 1499 3072 quod

406 3108 566 3194 debetur,
594 3111 653 3175 aut
670 3106 875 3192 novatione3
909 3126 1115 3195 quaequam
1138 3107 1176 3174 in
1191 3129 1259 3176 usu
1285 3109 1355 3177 sint
1382 3110 1499 3198 queti-

406 3232 522 3316 diane,
544 3251 666 3300 earum
685 3249 756 3298 nen
778 3230 917 3298 mireris
935 3231 1028 3320 apud
1040 3233 1206 3300 Nostrum
1225 3234 1376 3322 reperiri
1393 3255 1498 3302 men-

404 3359 549 3429 tionem.
572 3356 728 3424 Solutam
745 3361 863 3423 autem
882 3375 961 3423 esse
984 3356 1246 3445 obligationem,
1269 3359 1342 3427 sive
1366 3360 1497 3448 scripte

406 3482 478 3551 sive
496 3480 646 3551 testibus
659 3479 827 3569 probatur
845 3503 853 3548 :

464 3605 529 3664 Hoc
553 3606 669 3662 temere
689 3617 852 3678 nunquam
868 3599 1012 3660 amittam
1036 3616 1096 3678 ego
1111 3618 1131 3661 a
1145 3618 1205 3674 me,
1222 3600 1298 3680 quin
1314 3600 1392 3662 mihi
1413 3609 1498 3665 restes

1314 3698 1495 3779 [adhibeam

464 3798 564 3870 Quum
580 3794 664 3877 dem,
675 3799 706 3856 et
720 3794 927 3874 quamobrem
941 3797 1013 3859 dem
1029 3795 1296 3859 commemorabo.

928 3885 1077 3964 (raom,
1096 3886 1146 3965 lV,
1162 3892 1191 3960 b,
1207 3905 1238 3946 v.
1256 3889 1273 3948 3
1289 3890 1320 3947 et
1334 3887 1379 3966 3.)

1289 4037 1490 4048 ——-.-

435 4101 474 4171 (l)
494 4098 593 4169 Gaius,
605 4076 726 4154 lectitet.
741 4098 790 4169 lll,
804 4098 818 4170 ᾗ
831 4084 895 4157 llll.

435 4188 474 4258 (a)
492 4185 681 4254 Callistratus,
696 4184 734 4242 rr.
754 4188 781 4253 6,
795 4185 875 4258 big„
887 4186 923 4244 de
935 4186 998 4258 lega
1011 4186 1141 4243 Fabiade
1155 4185 1310 4258 plagiariis,
1325 4187 1370 4256 48,
1387 4190 1435 4246 45.

435 4278 473 4345 (3)
491 4274 777 4333 lastinianiinstitut.
795 4275 841 4344 IV,
863 4279 891 4346 l,
906 4276 941 4332 de
960 4277 1087 4347 injuriis,
1103 4278 1174 4344 ⁵⁴⁰-
1189 4305 1224 4315 —
1239 4274 1350 4342 Paulus.
1366 4277 1488 4335 Scatenl.

400 4363 432 4434 V,
445 4367 474 4436 l,
491 4365 547 4433 17.
