3120 5370
709 556 887 625 „40-

254 768 345 837 esse,
358 752 393 816 et
407 745 496 814 dotis
509 763 614 813 causa
628 745 773 811 solutam
788 759 879 827 esse,
895 737 969 825 sed,
983 739 1222 807 consentiente
1235 741 1344 810 Phor·

252 875 382 960 mione,
401 870 657 959 Demiphonem
670 868 747 936 haec
767 866 805 934 in
827 885 890 934 suo
914 863 1033 932 codice
1056 866 1237 954 scripsisse
1251 887 1260 953 ;
1275 886 1345 955 qua

253 1000 290 1068 in
309 1017 415 1067 causa
428 1001 535 1064 testes
553 993 690 1084 pororii
707 992 871 1061 dicuntur
886 988 944 1080 (Ι).
967 988 1084 1070 Quum
1107 1010 1190 1059 vero
1210 992 1344 1080 nuptiis

254 1123 492 1205 renunciatur,
513 1119 712 1188 conditione
741 1115 960 1205 obligationis
979 1115 1174 1203 eveniente,
1202 1116 1265 1185 dos
1289 1136 1344 1184 re·

252 1249 325 1339 peti
340 1251 472 1338 potest;
495 1263 603 1333 quare
620 1241 816 1331 Demipho:

374 1489 383 1509 .
409 1489 416 1506 .
442 1488 449 1505 .
472 1443 582 1506 Transi
596 1443 687 1505 sodes
701 1442 742 1503 ad
756 1443 871 1515 lorum,
888 1447 983 1521 atquo
996 1440 1075 1502 illud
1090 1439 1167 1501 mihi

373 1547 544 1622 Argentum
563 1559 687 1603 rursum
698 1539 776 1620 jube
791 1538 924 1618 rescribi,
940 1537 1100 1599 Phormio.

760 1626 913 1707 (Phorm,
929 1628 966 1701 V,
983 1628 1014 1698 8,
1030 1647 1065 1688 v.-
1077 1630 1115 1690 ⁶28
1130 1631 1161 1688 et
1175 1627 1237 1707 ⁶29.)

254 1842 434 1931 Tanquam
449 1841 591 1910 dixisset
613 1861 620 1907 :
643 1837 764 1908 Transi
786 1837 830 1906 ad
855 1837 1093 1926 argentarium
1107 1843 1219 1926 tuum,
1237 1843 1345 1928 atque

255 1988 319 2058 per
349 1987 406 2036 me
437 1967 475 2035 in
499 1972 557 2036 tuo
574 1964 693 2034 codice
712 1962 796 2052 jube
819 1962 995 2032 rescribi:
1021 1962 1191 2051 Expensae
1222 1963 1346 2033 Demi-

256 2091 365 2181 phoni
391 2091 497 2158 minae
522 2089 677 2178 triginta.
706 2087 743 2156 si
770 2087 867 2176 prior
894 2086 1068 2175 scriptura
1092 2086 1136 2154 ad
1163 2087 1347 2157 solutionis

256 2214 498 2304 probationem
519 2218 655 2283 tantum
670 2212 761 2282 iacta
778 2216 883 2300 esset,
903 2210 1049 2300 repudio
1064 2212 1233 2300 nuntiato,
1257 2214 1350 2283 solu·

257 2344 332 2407 tum
359 2338 558 2428 repetiisset
591 2336 778 2427 Demipho,
813 2356 881 2405 nec
913 2336 1104 2425 quidquam
1136 2338 1347 2426 scripturam

258 2467 427 2550 curasset,
450 2481 532 2530 nam
547 2461 634 2530 nihil
651 2461 695 2530 ad
712 2481 794 2530 eum
810 2461 934 2529 attinet
952 2461 1132 2530 solutionis
1150 2461 1254 2550 hujus
1267 2484 1348 2552 pro·

257 2587 363 2657 hatio.
396 2586 498 2668 Quod
516 2588 546 2655 si
564 2587 690 2655 litteris
722 2591 804 2655 nata
827 2591 891 2664 est,
918 2585 1147 2656 rescribendo
1175 2587 1261 2655 solvi
1286 2609 1348 2679 po·

257 2716 338 2800 test,
371 2711 408 2780 id
434 2717 488 2780 est
505 2711 679 2781 contraria
702 2711 887 2800 scriptura,
912 2731 991 2800 quae
1012 2713 1121 2801 priori
1141 2733 1162 2781 a
1185 2712 1345 2783 debitore

262 2837 362 2927 quasi
386 2837 574 2926 opponitur
593 2835 673 2930 (2);
700 2841 740 2904 ut
766 2840 883 2904 autem
908 2836 1136 2917 rescribatur,
1159 2837 1344 2907 creditoris

257 2962 416 3031 voluntas
439 2962 649 3031 interveniat
679 2980 825 3029 necesse
848 2965 913 3028 est.
941 2960 1017 3030 Neo
1041 2961 1128 3031 solvi
1158 2963 1347 3051 pecuniam

258 3086 410 3175 postulat
428 3083 613 3173 Demiph0,
645 3102 727 3152 nam
756 3083 966 3172 scripturam
999 3090 1037 3153 ut
1063 3085 1265 3173 praeoedere
1297 3087 1349 3156 sio

259 3208 359 3297 sequi
382 3213 498 3297 potest
516 3208 640 3278 solutio
664 3229 671 3276 :
704 3213 780 3277 turn
803 3228 886 3277 vero
905 3208 1073 3278 urbanius
1101 3215 1154 3278 est
1178 3211 1220 3279 de
1238 3212 1348 3301 scrip-

258 3339 339 3404 tura
361 3333 497 3421 dicere3
521 3333 673 3424 pecunia
696 3333 848 3422 denique
872 3352 944 3402 non
971 3340 1166 3422 numerata,
1194 3337 1344 3425 replica·

259 3459 353 3529 tione
385 3478 457 3527 non
475 3449 676 3528 'numerata
701 3459 863 3548 pecuniae
888 3458 1060 3548 Demipho
1086 3465 1254 3529 uteretur.
1279 3461 1346 3529 l'e-

259 3586 459 3651 rumtamen
510 3582 675 3651 Phormio
708 3601 824 3670 neque
872 3582 1070 3652 rescribere
1111 3584 1195 3673 vult,
1229 3604 1345 3673 neque

260 3705 409 3796 solvere,
434 3706 497 3776 sed
524 3707 641 3776 dotem
654 3706 894 3776 indemnitatis
915 3726 1021 3776 causa
1036 3727 1176 3777 servare
1196 3730 1203 3776 :
1225 3730 1242 3776 «
1261 3707 1345 3792 Dos,

295 4071 333 4139 (i)
352 4072 468 4136 Seneca,
484 4069 517 4126 de
529 4071 677 4140 Beneficio,
692 4070 729 4141 ΙΙ,
743 4084 773 4128 e.
789 4069 836 4137 23,
849 4079 877 4127 et
892 4072 939 4142 ΙΙΙ,
954 4090 982 4127 c.
1002 4073 1048 4128 lo.

294 4161 334 4227 (Ι)
354 4158 400 4216 fr.
420 4158 563 4228 lloralius,
578 4159 665 4216 Sotir.
686 4158 724 4226 ΙΙ,
741 4163 767 4230 3,
783 4174 812 4216 r.
829 4160 939 4216 rit-76:

367 4247 495 4303 l‘utidius
510 4245 600 4304 mullo
615 4245 761 4303 cerebrum
778 4252 833 4319 est,
848 4248 1027 4307 mihicrede.
1044 4245 1150 4314 Perilli,

367 4318 504 4376 Dictantis
517 4319 592 4391 quod
606 4327 635 4375 to
649 4333 797 4390 nunquam
809 4319 951 4376 rescribere
961 4320 1059 4392 possin
