3172 5370
787 581 964 650 ,ῃ-

332 759 426 828 unde
445 760 541 828 litut
559 761 789 830 Menedemus
807 762 897 850 haec,
915 763 1090 832 notatione
1115 765 1274 853 apprime
1300 764 1424 853 digna,

331 888 552 976 usurpaverit
567 909 574 954 :

708 1098 848 1113 .....
871 1053 955 1114 Heus
965 1054 1124 1135 pertatem,

968 1150 1109 1231 (Hectit,
1124 1153 1150 1227 1,
1166 1155 1193 1226 l,
1209 1171 1242 1214 v.
1257 1151 1324 1232 98.)

335 1311 374 1374 ut
390 1303 501 1374 lilium
518 1305 743 1396 signiticaret.
770 1305 833 1374 Sui
859 1307 955 1373 enim
981 1306 1144 1394 heredes,
1178 1307 1214 1374 id
1243 1311 1296 1375 est
1322 1306 1431 1376 liberi

336 1431 491 1499 defuncti
505 1432 578 1519 qni.
601 1431 726 1499 delatae
742 1431 946 1499 hereditatis
955 1437 1124 1521 tempore,
1136 1431 1339 1521 primumin
1350 1431 1431 1519 ejus

335 1555 467 1624 familia
478 1554 625 1645 gradum
639 1555 858 1631 obtinebant,
872 1556 985 1644 magis
1001 1575 1207 1624 conservare
1219 1555 1311 1644 quod
1321 1575 1430 1624 suum

338 1686 393 1749 est
424 1699 529 1768 quam
561 1681 744 1768 acquirere
776 1679 952 1759 ridentur,
984 1679 1132 1769 ideoque
1162 1685 1243 1748 sunt
1273 1680 1431 1748 heredes

338 1807 530 1876 necessarii
546 1801 619 1898 (l).
640 1804 758 1886 Quum
779 1810 938 1872 autema
963 1803 1041 1894 lege
1063 1805 1130 1872 XII
1148 1804 1360 1874 Tabularum
1377 1805 1431 1873 ita

338 1932 518 2022 prouisum
531 1931 578 1998 sit
598 1951 608 1998 :
633 1951 651 1995 ‹
671 1929 709 1997 Si
727 1931 891 1996 intestato
911 1930 1062 1997 moritur
1081 1929 1138 1997 cui
1155 1950 1236 1998 suus
1251 1929 1346 1998 heres
1367 1951 1430 1998 uec

339 2056 433 2145 escit,
456 2061 602 2145 agnatus
617 2074 809 2145 proxumus
827 2053 993 2121 familiam
1009 2053 1136 2123 habeto
1156 2077 1191 2140 )‚
1209 2054 1296 2122 nibil
1307 2055 1431 2123 verius

341 2186 395 2248 est
412 2200 479 2249 uec
489 2179 580 2268 juris
598 2178 781 2248 subtilitati
799 2178 1048 2266 congruentius
1065 2197 1170 2265 quam
1190 2177 1282 2266 quod
1299 2177 1434 2247 Noster

341 2304 488 2394 intelligi
503 2304 612 2372 voluit
628 2325 636 2370 :
659 2303 820 2389 Cliniam,
831 2303 869 2370 in
883 2307 1054 2391 potestate
1066 2303 1175 2393 patris
1187 2302 1430 2390 constitutum,

340 2429 481 2498 familiae
495 2429 609 2518 potius
626 2447 705 2496 esse
727 2428 935 2516 participem
950 2446 1055 2515 quam
1074 2427 1229 2496 futurum
1243 2428 1429 2498 heredem.

130 2567 160 2609 Μ
173 2567 327 2609 uwe-
392 2552 629 2643 obligationes
642 2572 663 2620 e
678 2553 913 2621 contractibus
930 2553 1137 2642 plerumque
1155 2552 1404 2641 consequimur
1422 2575 1432 2640 3

342 2678 594 2749 contrahuntur
612 2683 730 2746 autem
746 2683 895 2764 quatuor
907 2676 1021 2745 modis
1044 2699 1052 2744 :
1071 2698 1125 2764 re,
1145 2683 1206 2745 aut
1222 2677 1353 2764 verbis,
1370 2684 1434 2747 aut

184 2789 327 2885 mill,
342 2801 480 2888 litteris,
501 2806 561 2869 aut
575 2820 761 2869 consensu.
774 2799 886 2867 llutni
903 2805 1019 2888 atque,
1041 2806 1081 2869 ut
1092 2800 1242 2883 ridetur,
1257 2801 1429 2892 pignoriS,

344 2943 423 3013 quse
437 2922 666 3012 obligationes
682 2941 722 2990 re
741 2921 900 2989 contrahi
918 2921 1095 3007 dicuntur,
1118 2922 1156 2988 in
1171 2922 1435 2992 Heautontimo

343 3066 492 3116 rumeno
507 3047 639 3115 mentio
648 3052 714 3116 est.
728 3045 836 3134 Syrus
852 3046 948 3113 enim
961 3051 1081 3114 narrat
1093 3066 1200 3114 anum
1215 3046 1434 3116 Corinthiam

345 3172 564 3242 ameretrice
583 3171 679 3239 mille
691 3169 876 3239 drachmas
889 3189 968 3238 esse
988 3175 1181 3239 mutuatam
1200 3193 1208 3238 :

385 3380 394 3398 .
419 3379 427 3395 .
451 3379 460 3398 .
483 3334 561 3396 lluic
572 3333 819 3396 drachumamm
834 3336 958 3415 argenti
971 3335 1040 3397 haec
1053 3336 1139 3397 mille
1149 3335 1437 3418 dcdcratmutuom3

1099 3433 1160 3509 (111,
1176 3437 1206 3508 3,
1220 3453 1252 3494 v.
1268 3432 1332 3514 to.)

349 3588 491 3677 deiude,
512 3609 555 3658 ea
573 3595 722 3678 mortua,
748 3588 856 3658 filiam
882 3589 958 3678 ejus
984 3588 1163 3658 meretrici
1185 3589 1341 3679 pignoris
1359 3590 1440 3661 loco

348 3712 559 3783 remansisse
582 3735 590 3781 :

448 3887 494 3948 lla
506 3886 617 3949 relicta
630 3885 704 3950 huic
717 3883 885 3949 ortuum
894 3890 942 3947 est
954 3904 1013 3964 pro
1027 3886 1082 3948 illo
1097 3894 1239 3967 argento.

1208 3989 1255 4065 (v.
1271 3987 1336 4067 ts.)

354 4160 537 4172 ——uo-oe..

385 4271 423 4340 (t)
441 4266 601 4324 Iustiniani
614 4267 743 4326 institut.
759 4268 797 4337 ll,
811 4269 858 4326 tit.
878 4272 923 4333 19,
944 4268 982 4327 de
1003 4267 1143 4325 heredum
1169 4270 1305 4341 qualitate
1318 4278 1347 4328 et
1357 4271 1443 4329 dido-

352 4357 457 4429 mutia,
476 4358 530 4425 tt.
