3172 5370
794 579 971 647 ..(8-

242 813 245 819 -
337 764 454 834 dotem
478 763 629 832 dandam
651 761 896 852 compellendi.
925 764 1023 833 Filiae
1054 764 1197 852 quidem
1219 763 1437 853 pierumque

336 908 452 960 mores
490 887 757 975 subveniebant,
794 887 844 956 ita
871 893 911 957 ut
940 908 1011 958 non
1043 888 1215 982 auderent
1243 888 1286 957 iis
1309 893 1437 978 patres

335 1013 513 1084 adversari
523 1035 532 1100 ;
542 1011 636 1102 quod
648 1013 706 1081 ille
716 1016 829 1102 pater,
842 1005 1176 1107 Ἐαυτοντιμορουμένου
1192 1011 1342 1101 vicinus,
1354 1017 1435 1081 tes-

336 1142 456 1210 tatur:

475 1321 575 1392 Quam
588 1319 689 1380 multa
702 1318 821 1400 injusta
835 1336 872 1381 ac
885 1337 985 1395 prava
997 1317 1078 1380 tiunt
1091 1317 1239 1381 moribus!

479 1416 558 1480 Mihi
571 1435 666 1488 nunc,
681 1417 799 1479 relictis
813 1417 918 1490 rebus,
934 1416 1143 1480 inveniundus
1157 1421 1205 1478 est

474 1514 607 1596 Aliquis,
624 1515 733 1577 labore
747 1516 876 1578 inventa
889 1533 961 1578 mea
975 1515 1111 1577 cuidem
1125 1515 1220 1577 bona.

1010 1612 1075 1693 (IV,
1090 1612 1121 1692 7,
1137 1631 1169 1675 v.
1186 1613 1218 1677 u
1238 1618 1269 1675 et
1283 1612 1324 1691 s.)

332 1796 403 1869 Sed
421 1816 619 1886 quanquam
636 1796 694 1886 jus
714 1796 814 1865 civile
838 1815 908 1865 non
939 1795 1052 1866 solum
1078 1795 1228 1885 legibus,
1261 1802 1428 1867 senatus-

332 1922 510 2013 consultis,
531 1921 758 2013 prudentium
774 1921 1000 2015 auctoritate,
1022 1940 1144 1990 verum
1167 1921 1273 1991 etiam
1290 1922 1429 1992 invete-

268 2060 269 2064 ’
331 2053 407 2118 rata
426 2048 678 2117 consuetudine
698 2046 737 2117 fit
753 2041 821 2141 (1),
845 2065 914 2136 quo
927 2067 1009 2117 casu
1021 2047 1177 2116 moribus
1196 2048 1427 2118 constitutum

331 2171 471 2261 dicitur,
486 2178 605 2242 tamen
631 2192 702 2243 non
718 2172 787 2241 nisi
804 2171 926 2242 Severi
942 2177 977 2242 et
990 2172 1158 2242 Antonini
1175 2173 1425 2244 constitutione

328 2294 565 2366 introductum
579 2300 683 2366 estut
702 2297 763 2387 qui
780 2295 889 2366 filiam
910 2297 948 2366 in
965 2302 1138 2387 potestate
1156 2297 1316 2387 haberet,
1339 2319 1423 2368 eam

329 2421 449 2493 dotare
468 2443 534 2511 per
557 2423 780 2512 magistratus
797 2427 981 2513 cogeretur
997 2416 1069 2518 (2).

378 2545 480 2630 Quod
498 2547 529 2616 si
545 2547 654 2638 patris
677 2566 887 2616 consensum
903 2547 1116 2617 intervenire
1136 2568 1283 2618 necesse
1304 2554 1359 2619 est
1409 2555 1424 2646 t

328 2670 451 2741 validae
466 2672 536 2741 sint
546 2672 691 2763 nuptiae,
704 2691 775 2741 non
795 2671 887 2758 ideo,
903 2673 1048 2743 absente
1062 2678 1162 2763 patre
1182 2673 1321 2764 nuptias
1343 2661 1423 2742 om·
1475 2748 1483 2755 ,

327 2794 411 2864 nino
425 2816 496 2865 non
514 2817 618 2887 posse
630 2796 800 2884 contrahi,
813 2798 1008 2887 putandum
1023 2801 1088 2868 est.
1106 2798 1194 2868 Cum
1214 2798 1327 2867 ironia
1341 2799 1425 2888 qui-
1551 2803 1553 2814 '

328 2918 411 2989 dem
425 2918 510 2990 dicit
525 2926 626 3010 pater
643 2921 681 2990 in
699 2919 910 2991 Phormione
922 2943 943 2990 :-

471 3112 584 3186 Bonas,
601 3130 647 3175 me
660 3112 788 3188 absente,
804 3113 857 3176 hic
871 3113 1047 3176 confecistis
1061 3112 1208 3195 nuptias!

1094 3211 1145 3292 (Η,
1162 3216 1190 3287 4,
1206 3230 1237 3273 ν.
1253 3211 1317 3292 28.)

327 3390 408 3463 Non
425 3390 521 3460 enirn
539 3391 704 3462 diuturna
732 3392 846 3462 iuerat
878 3393 954 3483 ejus
986 3392 1156 3464 absentia.
1168 3391 1278 3483 Finge
1298 3395 1417 3460 autem

327 3519 466 3590 emnab
483 3518 643 3589 hostibus
664 3524 817 3608 captum,
837 3522 897 3588 aut
915 3518 1100 3589 absentem
1124 3519 1173 3588 ita
1185 3524 1225 3590 ut
1236 3520 1418 3610 ignoretur

325 3645 387 3716 ubi
409 3645 454 3714 sit
478 3648 515 3714 et
533 3663 578 3714 an
596 3645 652 3734 sit,
672 3643 847 3736 legitimas
860 3644 999 3735 nuptias
1015 3645 1221 3716 contrahere
1235 3645 1327 3757 filins
1343 3663 1417 3714 non

323 3767 568 3858 prohibebitur
585 3767 651 3861 (3).
1291 3762 1301 3773 ”
1325 3767 1329 3773 ’

359 4087 398 4158 (t)
417 4085 561 4155 Iulianae,
576 4085 611 4142 sr.
626 4090 671 4151 tr,
685 4090 698 4155 ε
714 4089 740 4155 t,
754 4087 828 4158 big,
844 4088 879 4143 de
903 4083 1015 4156 legibus
1033 4091 1208 4158 senatusque
1229 4085 1370 4144 consultis
1385 4095 1414 4143 ct

324 4172 410 4246 ionga
421 4174 641 4247 consuetudine,
657 4178 684 4239 ⁴,
699 4179 725 4233 3.
737 4204 774 4218 -
785 4173 1041 4246 Hermogenianus,
1051 4173 1085 4232 ir.
1102 4177 1146 4246 35,
1161 4173 1232 4233 ibid.

359 4260 398 4335 (r)
417 4261 588 4330 Marcianus,
603 4263 638 4320 ir.
655 4266 700 4336 ⁴9,
718 4263 800 4334 Dig„
814 4262 850 4319 dc
865 4263 921 4319 ritu
936 4262 1113 4336 nuptiarum,
1132 4266 1177 4334 2³,
1197 4266 1228 4321 2.

358 4352 398 4424 (3)
419 4348 566 4422 Ulpianus,
581 4349 615 4410 ir.
630 4353 657 4425 9,
671 4354 685 4420 5
697 4354 724 4422 t,
739 4358 768 4410 et
782 4349 896 4422 Paulus,
910 4349 946 4409 ir.
962 4353 1007 4424 to,
1019 4351 1090 4410 ibid.

89 4914 153 5015 ι
290 4858 482 5016 Α
