3172 5370
812 530 989 598 ..16-

358 717 524 798 quantum
552 711 675 799 potuit,
696 713 868 801 promisit,
895 733 959 802 per
977 714 1182 781 abusionem
1201 732 1279 780 eam
1299 712 1384 780 dicit
1411 733 1451 778 se

357 812 564 923 despondisse
578 831 628 929 (Ι)
642 857 650 921 ;
673 856 807 916 verum,
825 837 862 904 in
879 857 921 909 ea
933 837 1093 925 causade
1113 856 1181 925 qua
1195 836 1446 924 dubitavimus

357 979 427 1027 non
440 959 643 1048 promisisse
663 981 785 1029 senem
799 968 973 1050 narratur,
997 962 1059 1030 sed
1078 962 1243 1031 instantia
1264 961 1333 1030 filio
1357 981 1448 1030 uxo-

357 1105 433 1152 rem
452 1085 655 1155 obtrusisse.

167 1227 341 1272 ruamur
405 1209 569 1279 Contrahi
592 1217 709 1279 autem
732 1211 865 1301 nuptiae
886 1231 957 1279 non
974 1216 1121 1300 possunt
1133 1211 1202 1279 nisi
1228 1212 1450 1280 consentiant

357 1337 381 1403 ii
391 1335 452 1424 qui
465 1340 610 1420 coeunt3
633 1336 697 1404 sed
714 1336 781 1403 etsi
803 1356 875 1404 non
890 1336 1024 1424 cogitur
1042 1335 1281 1404 filiusfamilias
1300 1355 1449 1403 uxorem
1484 1333 1489 1342 '

357 1462 499 1547 ducere,
513 1462 584 1548 qui,
595 1467 694 1549 patro
708 1467 867 1550 cogente,
879 1462 975 1529 ducit
986 1480 1131 1529 uxorem
1142 1481 1246 1549 quam
1260 1480 1330 1528 non
1343 1460 1450 1529 duce·

356 1591 411 1655 ret
426 1587 456 1653 si
475 1586 529 1653 sui
547 1585 683 1654 arbitrii
702 1592 808 1674 esset,
841 1587 1010 1656 contraxit
1029 1593 1147 1655 tamen
1172 1585 1456 1673 matrimonium,x

358 1712 439 1799 quia
459 1712 624 1778 maluisse
645 1710 712 1778 hoc
739 1712 884 1780 videtur.
907 1713 999 1780 Talis
1027 1717 1079 1779 est
1108 1711 1202 1778 enim
1222 1710 1451 1799 prudentium

359 1835 532 1903 sententia
551 1834 611 1926 (2).
639 1834 754 1916 Quare
769 1837 893 1906 validae
912 1843 992 1905 sunt
1008 1838 1100 1904 inter
1120 1834 1342 1923 Pamphilum
1360 1835 1449 1903 vici-

358 1959 464 2047 nique
485 1958 592 2028 filiam
611 1962 754 2048 nuptiae,

479 2105 545 2183 (ille
560 2105 669 2166 ricoitus
684 2105 771 2166 illam
787 2105 945 2187 duxerat.)
966 2105 1053 2180 Her„
1070 2107 1093 2179 l,
1109 2111 1139 2184 2,
1154 2127 1185 2168 v.
1202 2106 1252 2167 67.

360 2281 474 2350 neque
492 2262 567 2351 ipse
586 2261 763 2329 contendit
782 2261 866 2349 quin
882 2261 1012 2329 fuerint
1031 2262 1145 2350 bonae,
1166 2260 1305 2350 quibus,
1318 2258 1449 2326 invitus

358 2385 452 2471 licet,
469 2386 663 2465 consensit;
680 2391 719 2453 ut
736 2386 811 2473 ipse
829 2385 967 2453 fatetur:

357 2535 472 2599 Tamen
482 2553 632 2616 nunquam
642 2552 729 2594 austes
736 2552 799 2592 surr
810 2551 945 2595 recusare
953 2553 1034 2601 eam.
1044 2553 1138 2613 quam
1147 2535 1190 2594 mi
1200 2532 1337 2594 obtrudit
1344 2536 1451 2607 pater,

1005 2629 1103 2710 (Heu,
1122 2631 1171 2703 ΙΙΙ,
1190 2636 1217 2703 t,
1233 2649 1264 2688 v.
1282 2628 1346 2707 tt.)

408 2770 481 2837 Imo
491 2789 586 2858 vero,
601 2770 670 2837 nisi
688 2769 906 2837 consentiant
918 2788 1052 2856 omnes,
1063 2768 1100 2836 id
1115 2773 1168 2835 est
1182 2788 1249 2836 non
1265 2767 1368 2835 modo
1387 2767 1450 2854 qui

356 2895 561 2984 junguntur,
582 2895 764 2962 sedetiam
788 2895 813 2961 ii
832 2914 980 2983 quorum
1002 2895 1039 2960 in
1056 2898 1226 2982 potestate
1242 2898 1334 2973 sunt,
1354 2913 1448 2980 nup-

360 3020 417 3088 tiae
430 3041 499 3088 non
514 3025 660 3108 possunt
677 3021 867 3087 consistere
880 3016 942 3110 (3).
961 3017 1061 3099 Quod
1073 3019 1110 3084 in
1124 3017 1256 3086 Andria
1275 3022 1444 3106 apparot3

359 3165 466 3233 quum
486 3145 579 3212 enim
592 3145 722 3212 audivit
740 3164 847 3211 senex
864 3142 975 3210 filiurn
992 3163 1093 3210 suum
1112 3142 1229 3210 uxoris
1246 3161 1355 3230 prope
1370 3140 1447 3208 loco

360 3267 559 3357 Glycerium
576 3269 721 3356 habere,
737 3269 788 3336 sic
800 3268 970 3355 erumpit:

456 3413 542 3474 Adeo
557 3413 723 3493 impotenti
737 3432 803 3473 csse
818 3411 938 3487 animo,
955 3418 990 3473 ut
1003 3412 1246 3495 praeterciviom

456 3514 575 3575 Morem
590 3519 685 3592 atque
699 3514 811 3591 legem,
827 3519 855 3572 et
867 3512 917 3571 sui
929 3511 1102 3573 uoluntatem
1113 3513 1221 3593 putres,

460 3611 577 3671 Tamen
592 3611 674 3672 hanc
688 3609 805 3670 habere
820 3607 945 3670 studeat
958 3629 1029 3671 cum
1044 3629 1166 3670 summo
1181 3609 1312 3686 probro!

1051 3769 1055 3773 ,
1089 3706 1347 3788 (navo-o)

396 3950 435 4016 (Ι)
689 3985 834 4004 .....
860 3948 1001 4016 Virginem

504 4035 655 4105 Desponti,
673 4051 717 4090 ros
741 4037 896 4106 composita
915 4040 968 4102 est,
983 4033 1146 4104 tiuutnupti
1158 4056 1189 4091 v.

988 4123 1046 4195 (iv,
1065 4121 1302 4195 rancun.)

397 4206 434 4278 (ἐ)
453 4208 562 4281 Celsus,
576 4211 614 4269 tr.
633 4217 677 4282 22,
700 4211 826 4283 Dig.,de
842 4213 896 4269 ritu
911 4213 1087 4284 nuptiarum,
1106 4214 1148 4280 23,
1163 4216 1191 4267 2.

393 4295 432 4366 (t)
453 4297 566 4367 tuctus,
583 4299 618 4356 tr.
636 4307 660 4371 Ξ,
677 4300 751 4371 Dig„
766 4298 837 4358 ibid.
