3172 5370
645 585 823 655 -43-

191 773 268 842 h‘aec
279 773 395 861 Thais,
412 774 508 859 dum,
520 773 665 863 virginis
681 793 799 859 causa,
826 773 920 840 andes
944 793 964 840 a
982 773 1160 842 Thrasone
1182 768 1277 838 obsi-

192 898 330 968 dentur.
351 900 498 967 Ducitur
509 903 627 967 autem
635 919 717 967 reus
735 898 841 966 etiam
854 899 988 967 obtorto
1008 897 1107 985 collo,
1119 893 1278 984 quodlex

96 1043 99 1047 ’
190 1025 415 1114 permittebat
432 1025 486 1092 his
512 1023 657 1092 verbis:
690 1046 707 1091 «
735 1023 773 1092 Si
791 1024 947 1112 calvitur,
967 1023 1139 1112 pedemve
1162 1019 1276 1106 struit,

190 1169 333 1216 manum
353 1149 443 1217 endo
453 1149 558 1237 jacito
586 1170 603 1214 i>
634 1143 699 1242 (1)
723 1148 764 1216 In
787 1149 844 1237 jus
861 1155 982 1219 vocato
1008 1154 1067 1217 aut
1089 1152 1188 1237 rapto
1218 1146 1278 1214 ad·
1292 1161 1526 1208 acernaacerna.

191 1275 356 1362 versario,
375 1294 442 1362 qno
454 1279 611 1363 tempore
627 1273 769 1361 quidem
781 1294 846 1362 per
860 1274 1027 1343 formulas
1050 1277 1202 1361 coeptum
1224 1276 1277 1339 est

192 1399 259 1488 agi,
291 1403 388 1466 actor
416 1398 543 1467 edebat
562 1398 753 1486 actionem3
779 1400 872 1488 quod
893 1401 931 1467 in
952 1399 1162 1469 Phormione
1189 1396 1277 1466 Geta

189 1521 328 1590 videtur
346 1522 401 1590 his
421 1521 600 1590 declarare
625 1544 631 1588 :

249 1685 314 1762 Ego
329 1689 360 1745 te
375 1689 545 1764 cognatum
556 1682 668 1764 dicam,
686 1688 718 1746 et
730 1683 789 1746 tibi
802 1685 934 1748 scribam
947 1685 1055 1748 dicam.

965 1784 1000 1864 (1,
1016 1789 1047 1860 i,
1063 1804 1094 1848 v.
1110 1782 1174 1863 77.)

189 1953 283 2026 Nihil
308 1958 403 2027 enim
431 1955 525 2027 aliud
552 1965 606 2028 est
632 1959 698 2029 hoc
728 1957 840 2028 dicam
861 1959 930 2027 nisi
950 1979 1016 2029 vox
1035 1979 1150 2048 graeca
1169 1954 1272 2028 δέκηνε

189 2082 303 2152 Graeci
330 2104 458 2174 nempe
488 2085 652 2154 dicebant
676 2081 762 2154 δίκην
789 2087 967 2177 γρέφεσθαι.
999 2084 1100 2167 Quod
1127 2084 1157 2152 si
1183 2085 1277 2152 exis·

189 2208 287 2276 timet
317 2208 442 2296 aliquis
471 2210 577 2298 graeci
601 2209 689 2297 juris
719 2209 786 2278 hoc
814 2229 906 2296 esse,
931 2228 1001 2277 non
1028 2209 1177 2296 romani,
1200 2208 1277 2278 ani-

188 2333 382 2401 madvertat
396 2335 490 2423 apud
511 2335 674 2403 Plautum
689 2354 753 2423 pro
770 2339 921 2424 praetore
946 2335 1062 2403 dicam
1084 2334 1192 2403 scribi
1205 2328 1273 2428 (2),

187 2463 222 2525 et
240 2459 333 2547 apud
352 2457 519 2527 Nostrum
542 2461 626 2528 sica
641 2460 851 2530 Phormione
871 2461 1078 2549 injuriarum
1103 2460 1275 2528 actionem

187 2583 376 2672 significari
399 2606 406 2650 :

246 2801 254 2819 .
281 2805 289 2819 .
315 2806 321 2818 .
344 2761 391 2820 En
405 2778 546 2840 unquam
562 2760 745 2841 injuriarum
762 2761 877 2823 audisti
893 2761 971 2822 mihi
985 2762 1135 2842 scriptam
1149 2760 1266 2822 dicam?

797 2859 949 2939 (I'liorm.,
966 2860 1001 2934 ll,
1018 2861 1048 2934 ΕΖ,
1065 2878 1093 2920 v,
1112 2858 1173 2940 215)

186 3030 259 3098 Etsi
279 3035 396 3098 autern
416 3031 523 3099 editio
545 3031 692 3099 actionis
714 3031 923 3120 plerumque
939 3032 1017 3100 viva
1035 3052 1120 3100 voce
1145 3031 1270 3118 siebat,

183 3159 302 3222 tamen
320 3155 437 3224 libello
457 3174 594 3244 quoque
612 3175 691 3223 eam
704 3155 820 3224 facere
836 3161 998 3246 poterant
1015 3152 1082 3250 (3).

232 3278 336 3347 Nunc
350 3280 393 3347 de
409 3280 618 3367 quibusdam
634 3281 747 3348 causis
766 3281 961 3369 videamus,
973 3282 1078 3369 inque
1093 3281 1216 3371 primis
1228 3281 1272 3349 de
1288 3297 1315 3339 οε
1327 3298 1408 3339 meran
1421 3307 1492 3339 eausa·

184 3424 287 3472 causa
312 3405 461 3491 liberali,
473 3425 551 3493 quae
565 3425 635 3473 una
649 3410 704 3473 est
717 3406 823 3473 exhis
838 3407 1034 3475 actionibus
1045 3426 1132 3495 quas
1147 3407 1273 3495 praeju-

184 3529 326 3597 diciales
355 3529 536 3599 vocabant.
569 3530 692 3598 Inboc
724 3550 855 3618 genere
878 3551 994 3599 causae
1026 3532 1195 3620 quaeritur
1227 3552 1272 3600 an

183 3653 307 3742 aliquis
327 3655 417 3723 liber
445 3655 500 3722 sit.
549 3654 714 3723 Ceterum
731 3655 789 3722 iile
812 3656 855 3723 de
883 3657 981 3744 cujus
1001 3661 1092 3724 statu
1127 3657 1272 3744 quaesti)

183 3785 247 3866 est,
268 3780 353 3879 sire,
372 3780 407 3846 in
423 3780 645 3868 possessione
661 3781 839 3848 servitutis
860 3783 1079 3869 constitutus
1103 3782 1148 3849 ad
1160 3782 1270 3850 liber-

1133 3996 1258 4006 —----

216 4095 255 4165 (t)
274 4094 416 4150 ETabria
435 4095 456 4149 1.

218 4181 258 4252 (t)
279 4183 323 4240 Gi.
343 4184 456 4252 finiat,
473 4182 518 4250 lv,
536 4184 582 4248 40,
597 4196 626 4238 v.
646 4185 679 4236 30
696 4201 703 4238 t

292 4317 298 4328 .
327 4310 334 4327 .
362 4316 369 4328 .
392 4273 429 4328 Ta
440 4273 478 4328 od
487 4273 633 4342 pretorem
646 4271 766 4343 rapiam,
778 4277 807 4329 et
820 4272 872 4331 tibi
887 4273 1007 4330 scribam
1023 4272 1124 4330 dicam.

216 4363 255 4432 (3)
276 4362 424 4434 Ulpianus,
440 4359 477 4417 tr.
496 4364 522 4429 t,
538 4361 551 4424 ς
566 4359 594 4427 t,
611 4357 690 4426 Dia..
708 4360 882 4430 (laedendo,
897 4364 985 4431 2,t3.
