3172 5370
718 577 896 645 -ῃ-

314 763 350 832 Si
365 762 441 850 quis
462 766 579 831 eutem
593 761 765 850 virginem
784 761 913 830 ducere
928 765 988 828 aut
1003 781 1074 829 non
1085 768 1204 850 posset
1217 770 1369 834 autnon

264 890 379 976 vellet,
394 888 511 956 dotem
524 887 607 955 dare
623 887 825 975 cogebatur.
848 885 1197 977 QuocircaDemipho
1213 891 1368 978 publico

260 1016 337 1105 jure
363 1035 400 1082 se
425 1014 489 1101 uti,
524 1032 591 1081 nec
622 1011 811 1100 quidquam
845 1012 1004 1100 iniquum
1035 1012 1212 1101 postulare
1239 1022 1363 1104 putat,

262 1161 370 1230 quum
389 1137 592 1209 Phormioni
609 1137 796 1227 pecuniam
811 1135 931 1205 offert:

321 1311 523 1391 Potiusquam
537 1310 608 1371 lites
622 1314 722 1371 secter
736 1314 790 1370 aut
803 1327 898 1389 quam
912 1315 943 1371 te
959 1308 1097 1384 audiam,

323 1409 432 1471 Itidem
449 1414 484 1470 ut
498 1412 635 1486 cognata
650 1407 675 1467 si
691 1408 742 1482 sit,
760 1407 793 1468 id
805 1406 885 1488 quod
896 1407 946 1469 lec
953 1406 1042 1488 jubet

321 1505 425 1568 Dotem
440 1504 522 1580 dore,
539 1505 660 1566 abduce
675 1504 756 1566 hanc
773 1523 779 1563 :
798 1505 898 1565 mines
914 1504 1051 1584 quinque
1067 1505 1173 1586 accipe
1188 1507 1244 1587 (t).

695 1659 708 1666 ‚
777 1601 930 1685 (Phorm,
945 1603 982 1680 11,
998 1603 1027 1676 3,
1044 1623 1075 1667 v.
1091 1608 1124 1672 ot
1144 1610 1175 1665 et
1190 1604 1230 1686 s.)

263 1761 333 1831 Sed
345 1766 383 1830 ut
399 1761 486 1851 legis
500 1761 608 1830 verba
628 1781 737 1828 senex
751 1760 882 1848 objicit,
898 1761 949 1830 sic
959 1757 1120 1831 Phormio
1138 1762 1362 1835 voluntatem

263 1906 304 1956 ac
321 1887 532 1955 sententiam
551 1886 799 1975 interpretatur
818 1906 825 1952 :

326 2081 333 2095 .
358 2077 366 2094 .
392 2081 399 2094 .
420 2036 461 2096 Ut
475 2052 513 2094 ne
529 2033 605 2112 quid
619 2037 712 2111 turpe
727 2031 803 2092 civis
817 2031 849 2091 in
865 2049 898 2092 se
913 2031 1104 2114 admitteret,

322 2134 452 2208 Propter
466 2135 636 2210 egestatem
652 2131 706 2208 (t),
720 2148 866 2207 proruero
878 2128 963 2208 jussa
976 2136 1020 2192 ert
1031 2128 1110 2204 duri,

323 2231 364 2291 Ut
378 2248 449 2291 cum
464 2247 527 2289 uno
543 2232 668 2289 aetatem
685 2227 821 2307 degeret.
848 2273 854 2286 .
881 2273 887 2286 .
915 2270 921 2287 .

1022 2323 1127 2403 (Ibat,
1139 2345 1171 2391 v.
1188 2331 1250 2404 68.)

264 2514 330 2562 nec
348 2513 451 2583 posse
465 2495 650 2582 cognatum
670 2490 857 2576 existimat,
873 2490 1046 2580 virginem
1062 2491 1125 2561 uhi
1141 2493 1272 2562 abusus
1293 2495 1353 2578 sit,

264 2617 465 2687 mercedem
496 2618 530 2684 ei
558 2616 641 2685 dare
666 2620 769 2703 atque
795 2615 967 2684 amittere.
989 2616 1239 2687 Verumtamen
1267 2625 1357 2690 aetas

263 2743 340 2833 lege
366 2743 559 2833 praestituta
570 2741 677 2810 fuisse
692 2740 841 2828 videtur,
860 2760 929 2829 qua
946 2742 1123 2830 praeterita
1142 2763 1212 2812 non
1222 2743 1295 2832 jam
1309 2747 1356 2815 ad

265 2867 525 2936 matrimonium
558 2870 724 2956 cognatus
754 2867 1042 2956 compelleretur3
1075 2867 1110 2935 id
1143 2874 1238 2937 certe
1267 2889 1355 2939 con·

262 2991 374 3060 tendit
385 2991 549 3060 Phormio
563 3013 570 3058 :

694 3179 902 3198 .......
927 3138 993 3197 Tua

321 3232 519 3295 Praeterierat
528 3233 596 3314 jam
612 3234 652 3294 ad
666 3233 843 3294 ducendum
859 3238 944 3294 aetas.

1026 3333 1076 3415 (ιι,
1094 3338 1123 3412 3,
1138 3331 1169 3397 v.
1186 3338 1250 3414 rc.)

263 3521 330 3591 quo
344 3521 427 3572 casu
443 3502 620 3573 vinculum
632 3504 851 3593 obligationis
868 3504 955 3573 alius
969 3505 1110 3593 quidam
1122 3508 1350 3597 suscipiebat.

77 3680 247 3734 (mmmm
310 3627 393 3696 Jure
420 3647 562 3697 romano
594 3634 727 3697 constat
750 3633 887 3718 patrem
912 3650 993 3698 eum
1018 3651 1095 3700 esse
1122 3652 1226 3720 quem
1247 3633 1353 3721 justae

262 3753 394 3842 nuptiae
413 3754 653 3823 demonstrant
668 3751 716 3848 (3)
734 3776 742 3840 ;
761 3775 881 3845 quare,
903 3757 940 3824 in
953 3752 1102 3847 Hecyra,
1119 3780 1352 3849 personarum

298 4032 338 4103 (t)
356 4032 435 4090 Adde
448 4032 567 4105 Picum,
584 4033 621 4094 ΙΙ.
637 4035 664 4102 t,
680 4049 710 4092 r.
729 4037 762 4090 66
777 4041 805 4090 et
826 4038 860 4090 67
876 4052 884 4092 ;

724 4157 804 4180 .....
829 4121 861 4179 Id
877 4125 951 4194 quod
968 4124 1014 4181 lex
1028 4124 1118 4196 jubet,
1132 4118 1133 4121 ’

511 4208 611 4265 Dotem
626 4208 747 4277 doretis3
762 4218 902 4280 quaereret
916 4212 1005 4270 atium
1018 4215 1119 4271 virum.

247 4296 252 4309 '
295 4294 334 4368 (2)
353 4295 398 4352 Gt.
416 4293 513 4352 Forte!
530 4297 565 4354 de
587 4296 758 4368 coniungas,
773 4300 799 4354 la
818 4301 873 4358 cuc
889 4305 1010 4372 antique,
1023 4306 1096 4374 part.
1112 4301 1150 4370 11,
1163 4315 1227 4372 cap.
1246 4316 1293 4372 vn,
1306 4306 1349 4360 2¹.

297 4385 336 4452 (3)
355 4382 469 4452 Paulus,
485 4383 524 4444 fr.
542 4389 569 4449 5,
586 4385 659 4457 hig„
672 4387 707 4442 de
720 4386 808 4458 injus
822 4391 962 4460 vocando,
978 4397 1004 4463 2,
1018 4393 1048 4446 4.
