3172 5370
95 1331 136 1389 Ds
156 1346 297 1390 ssnsonrs.

216 1448 256 1505 De
268 1446 412 1506 libertinis
414 1485 1094 1508 ...................

218 1535 257 1593 Do
272 1536 360 1594 serris
375 1573 1092 1597 .....................

219 1623 515 1684 Defiiiisiumilisrum
521 1662 1092 1687 .................
1168 1635 1185 1687 6

217 1714 258 1771 Do
268 1715 376 1785 nuptiis
379 1751 1092 1775 .....................
1168 1722 1185 1775 t)

219 1803 259 1860 Do
269 1801 410 1859 affinitate
413 1838 1090 1864 ...................
1148 1809 1184 1864 rt

219 1892 259 1948 De
271 1891 393 1948 divortio
409 1928 1091 1949 ....................
1150 1897 1184 1949 25

219 1977 426 2052 Doudoptions
445 2014 1091 2037 ...................
1153 1986 1186 2039 26

95 2134 136 2192 Ds
151 2148 248 2190 ussus‘

219 2248 333 2320 Dejure
343 2247 508 2305 hereditatis
514 2286 1090 2308 .................
1150 2255 1184 2307 27

219 2335 468 2394 Deeontreotihus
482 2373 879 2395 ............
910 2384 912 2389 .
943 2379 1092 2398 .....
1150 2345 1184 2397 28

219 2425 259 2484 De
273 2424 388 2485 delictis
408 2464 1089 2488 ....................
1150 2431 1185 2486 ³7

217 2513 259 2572 De
269 2513 412 2572 solutione
414 2552 1091 2575 ....................
1150 2519 1186 2573 33

219 2604 259 2661 De
272 2604 425 2662 novatione
444 2640 1088 2663 ..................
1096 2600 1106 2762 5
1149 2653 1179 2709 Η

217 2692 257 2750 De
268 2692 457 2764 acquisitione
471 2705 521 2762 per
533 2704 629 2747 servos
653 2736 659 2747 .
689 2731 695 2746 .
724 2734 730 2749 .
761 2734 768 2749 .
798 2740 801 2745 .
832 2733 1086 2754 ........

95 2842 136 2900 Dr
151 2857 321 2900 serronrsus.

218 2957 258 3014 De
273 2956 502 3029 roeundoinjus
513 2996 1088 3017 .................
1147 2964 1180 3019 tt

217 3046 257 3104 De
271 3045 398 3104 editione
411 3046 533 3104 notionis
551 3088 559 3104 .

214 3134 253 3193 De
266 3133 379 3194 liberati
393 3151 478 3194 oense

215 3223 254 3281 its
266 3223 380 3281 arbitris
405 3261 1088 3285 ....................
1146 3231 1181 3286 to

215 3312 311 3369 Actori
325 3311 491 3370 incumbere
503 3326 578 3369 onus
592 3309 733 3384 probandi
761 3352 1086 3372 ..........
1145 3319 1180 3372 to

217 3399 257 3458 Do
271 3399 433 3457 interdictis
443 3436 1090 3459 ...................

218 3488 259 3546 De
272 3488 454 3546 restitutione
466 3486 497 3547 in
511 3487 653 3561 integrum
657 3525 1088 3551 .............
1096 3395 1111 3561 ξ
1147 3450 1181 3506 ⁴⁷

539 3760 746 3771 n—-n-n

248 4319 349 4372 Lutetiae
360 4321 521 4384 Parisiorum,
533 4325 598 4389 typis
611 4325 638 4380 ii.
651 4324 795 4386 DONNAUD,
808 4323 849 4374 siu
863 4323 980 4386 Caesetio,
992 4338 1027 4376 rx.
