3172 5370
799 573 978 642 -30-
1340 627 1350 679 t

347 761 442 844 Quin
474 760 594 845 etiam,
616 764 656 826 ut
679 775 792 844 serva,
815 776 854 824 se
869 759 946 846 ipsa
974 756 1073 846 virgo
1100 755 1278 822 redimere
1307 755 1443 843 posset,

347 883 441 972 quod
458 882 514 950 his
528 879 646 950 verbis
664 877 903 968 significatur:

835 1091 842 1105 .
867 1091 875 1105 .
901 1089 910 1105 .
933 1086 942 1106 .
965 1045 1055 1106 illam
1069 1045 1117 1106 iiii

586 1145 661 1207 Post
675 1143 821 1205 daturam
837 1144 924 1204 mille
937 1162 1117 1207 nummum.

1120 1239 1163 1322 (v.
1180 1242 1217 1304 ts
1228 1244 1262 1300 et
1276 1239 1342 1316 td.)

346 1397 597 1468 Verumtamen
614 1418 657 1468 eo
670 1398 920 1488 mancipiuma
936 1397 1104 1466 servitute
1122 1393 1239 1464 ditiert
1256 1392 1353 1482 quod.
1366 1413 1440 1462 non

346 1523 619 1613 inperpetuum
647 1523 901 1614 ingenuitatem
926 1521 1044 1590 amisit
1065 1522 1127 1610 qui
1149 1521 1187 1589 in
1218 1519 1439 1608 mancipium

346 1647 529 1738 redigitur.
547 1646 665 1730 Quare
679 1667 751 1716 non
761 1647 938 1715 immerito
955 1645 1210 1714 arbitraremur
1230 1643 1313 1713 ideo
1331 1641 1441 1712 Chre-

346 1779 491 1860 metem,
512 1793 638 1842 rerum
657 1773 785 1864 puellae
803 1777 954 1862 patrem,
974 1790 1047 1840 non
1073 1789 1239 1839 recinam
1264 1769 1352 1858 quin
1378 1786 1441 1858 pe·

345 1897 486 1966 cuniam
521 1896 647 1966 reddat
675 1903 712 1965 et
734 1895 843 1964 tiliam
872 1916 894 1964 a
923 1895 1112 1964 meretrice
1139 1894 1209 1964 sibi
1241 1891 1440 1983 mancipari

343 2021 507 2110 postulet,
535 2022 630 2110 quia,
647 2021 693 2090 ab
723 2021 801 2110 ipso
829 2021 1065 2098 manumissa,
1093 2039 1165 2088 non
1181 2019 1360 2088 libertinae
1378 2017 1441 2087 fiet

203 2242 205 2251 .
345 2145 566 2215 conditionis.
588 2145 689 2228 Quod
707 2147 738 2214 si
751 2147 854 2215 aliter
870 2146 1028 2215 futurum
1053 2144 1190 2231 fuisset,
1212 2164 1259 2212 ne
1280 2162 1439 2232 unquam

345 2269 501 2359 ingenua
522 2290 600 2339 esse
627 2270 699 2339 filia
727 2291 791 2340 sua
822 2271 1013 2358 desineret,
1044 2269 1180 2339 nullum
1204 2270 1333 2359 pignus
1357 2288 1439 2338 esse

347 2393 608 2479 contendisset3
636 2396 771 2464 nemini
794 2397 890 2464 enim
916 2396 986 2464 nisi
1002 2395 1037 2463 ei
1058 2396 1116 2465 cui
1144 2395 1259 2484 patria
1281 2399 1440 2485 potestas

347 2523 435 2608 erat,
453 2519 510 2609 jus
529 2520 752 2610 competebat
769 2520 891 2607 filiam,
909 2521 1081 2590 cautionis
1103 2540 1221 2608 causa,
1242 2518 1436 2589 alienandi.

346 2642 479 2713 Verum
498 2665 544 2713 ne
562 2646 735 2714 exclamat
749 2646 919 2734 quidem:

588 2855 596 2869 .
619 2854 628 2870 .
653 2856 661 2871 .
683 2812 765 2872 Num
779 2810 836 2872 illa
849 2811 1046 2894 oppignerare
1058 2811 1157 2874 filiani

583 2907 686 2969 iteam
700 2926 752 2970 me
765 2906 864 2970 inrito
878 2909 1004 2988 potuit?

1001 3004 1065 3086 (tv,
1080 3011 1111 3083 5,
1125 3026 1157 3069 v.
1175 3007 1213 3068 to
1227 3011 1259 3067 et
1274 3005 1338 3084 tr.)

350 3173 414 3243 sod
434 3173 568 3244 solvere
583 3174 710 3245 melius
731 3176 852 3261 habet,
873 3179 1096 3268 potiusquam
1107 3179 1189 3249 lites
1205 3184 1363 3250 sectetur
1379 3185 1442 3249 aut

350 3296 578 3369 calumniator
606 3299 838 3388 existimetur,
858 3321 1025 3392 namque,
1054 3310 1093 3373 ut
1118 3305 1241 3373 aiunt:

353 3475 361 3493 .
386 3473 394 3493 .
419 3473 428 3491 .
451 3423 1200 3516 attissummumsaepesummaestmaiitia.
1217 3425 1385 3524 s(v.48.)

398 3546 469 3618 Ista
484 3548 591 3640 igitur
605 3549 723 3619 omnia
738 3555 820 3641 apta
838 3551 930 3621 inter
941 3573 979 3622 se
998 3560 1035 3622 et
1053 3575 1211 3624 connexa
1225 3561 1320 3643 sunt,
1334 3556 1442 3625 modo

350 3695 371 3745 a
387 3673 520 3746 credito
535 3677 635 3765 patre
653 3673 770 3765 puella
787 3676 936 3747 alienata
952 3679 998 3747 sit
1014 3700 1022 3745 :
1046 3700 1183 3768 venun,
1197 3699 1269 3749 non
1282 3701 1305 3749 a
1324 3670 1444 3771 patre·

349 3803 511 3891 familias,
530 3801 594 3872 sed
610 3821 631 3871 a
649 3802 798 3871 muliere
818 3803 969 3895 obligata
983 3805 1122 3876 dicitur.
1138 3806 1233 3890 Quid
1251 3827 1336 3894 ergo
1360 3828 1442 3877 cre-

350 3928 505 4000 dendum
521 3926 602 3997 esti
617 3926 687 3996 Aut
702 3927 882 4017 ignorasse
909 3929 1114 4000 Terentium
1129 3932 1339 4002 mulieribus
1350 3953 1444 4002 nun-

350 4073 454 4144 quam
480 4056 679 4143 competere
698 4055 848 4142 patriam
874 4062 1096 4146 potestatem,
1116 4080 1185 4128 nec
1200 4059 1333 4128 liberos
1357 4079 1442 4127 suos

351 4198 411 4249 aas
427 4176 603 4268 mancipio
622 4175 706 4246 dare
719 4198 836 4268 posse,
856 4181 943 4250 etin
959 4182 1146 4254 haccausa
1163 4184 1319 4274 suijuris
1333 4203 1443 4273 repu-

350 4301 419 4372 tari
447 4300 568 4389 filiam,
592 4304 711 4390 utpote
735 4321 814 4392 quae
838 4305 973 4376 nullum
992 4317 1143 4399 panem,
1165 4330 1271 4399 quem
1292 4308 1441 4398 quidem
