<?xml version="1.0" encoding="UTF-8"?>
<!DOCTYPE html PUBLIC "-//W3C//DTD XHTML 1.0 Transitional//EN"
    "http://www.w3.org/TR/xhtml1/DTD/xhtml1-transitional.dtd">
<html xmlns="http://www.w3.org/1999/xhtml" xml:lang="en" lang="en">
 <head>
  <title>
</title>
<meta http-equiv="Content-Type" content="text/html;charset=utf-8" />
  <meta name='ocr-system' content='tesseract 3.04.00' />
  <meta name='ocr-capabilities' content='ocr_page ocr_carea ocr_par ocr_line ocrx_word'/>
</head>
<body>
  <div class='ocr_page' id='page_1' title='image "./dejureapudteren00baregoog_0013.png"; bbox 0 0 3172 5370; ppageno 0'>
   <div class='ocr_carea' id='block_1_1' title="bbox 695 506 954 606">
    <p class='ocr_par' dir='ltr' id='par_1_1' title="bbox 695 506 954 606">
     <span class='ocr_line' id='line_1_1' title="bbox 695 506 954 606; baseline 0 -96"><span class='ocrx_word' id='word_1_1' title='bbox 695 506 697 510; x_wconf 77' lang='grc'>,</span> <span class='ocrx_word' id='word_1_2' title='bbox 805 541 954 606; x_wconf 35' lang='lat'>*2-</span> 
     </span>
    </p>
   </div>
   <div class='ocr_carea' id='block_1_2' title="bbox 327 699 1440 1817">
    <p class='ocr_par' dir='ltr' id='par_1_2' title="bbox 327 699 1440 1817">
     <span class='ocr_line' id='line_1_2' title="bbox 335 699 1440 820; baseline 0.004 -26"><span class='ocrx_word' id='word_1_3' title='bbox 335 727 386 796; x_wconf 93' lang='lat' dir='ltr'>sic</span> <span class='ocrx_word' id='word_1_4' title='bbox 404 736 565 798; x_wconf 87' lang='lat' dir='ltr'>accurate</span> <span class='ocrx_word' id='word_1_5' title='bbox 579 731 802 818; x_wconf 72' lang='lat' dir='ltr'>dictionibus²</span> <span class='ocrx_word' id='word_1_6' title='bbox 823 729 967 820; x_wconf 88' lang='lat' dir='ltr'>regulis,</span> <span class='ocrx_word' id='word_1_7' title='bbox 983 730 1153 819; x_wconf 85' lang='lat' dir='ltr'>exemplis</span> <span class='ocrx_word' id='word_1_8' title='bbox 1166 731 1265 818; x_wconf 83' lang='lat' dir='ltr'>quasi</span> <span class='ocrx_word' id='word_1_9' title='bbox 1279 699 1440 818; x_wconf 85' lang='lat' dir='ltr'>quidam¹</span> 
     </span>
     <span class='ocr_line' id='line_1_3' title="bbox 330 851 1423 942; baseline 0.001 -22"><span class='ocrx_word' id='word_1_10' title='bbox 330 851 598 940; x_wconf 89' lang='lat' dir='ltr'>jurisconsultus</span> <span class='ocrx_word' id='word_1_11' title='bbox 626 860 812 924; x_wconf 82' lang='lat' dir='ltr'><strong>exsecutus</strong></span> <span class='ocrx_word' id='word_1_12' title='bbox 836 859 908 940; x_wconf 90' lang='lat' dir='ltr'>est;</span> <span class='ocrx_word' id='word_1_13' title='bbox 928 853 1022 922; x_wconf 91' lang='lat' dir='ltr'>unde</span> <span class='ocrx_word' id='word_1_14' title='bbox 1044 853 1145 922; x_wconf 88' lang='lat' dir='ltr'>nobis</span> <span class='ocrx_word' id='word_1_15' title='bbox 1161 873 1312 942; x_wconf 90' lang='lat' dir='ltr'>quoque,</span> <span class='ocrx_word' id='word_1_16' title='bbox 1329 854 1423 922; x_wconf 90' lang='lat' dir='ltr'>hanc</span> 
     </span>
     <span class='ocr_line' id='line_1_4' title="bbox 332 971 1421 1078; baseline 0.001 -33"><span class='ocrx_word' id='word_1_17' title='bbox 332 979 515 1048; x_wconf 83' lang='lat' dir='ltr'><strong>materiam</strong></span> <span class='ocrx_word' id='word_1_18' title='bbox 521 999 618 1048; x_wconf 91' lang='lat' dir='ltr'>more</span> <span class='ocrx_word' id='word_1_19' title='bbox 625 980 852 1071; x_wconf 89' lang='lat' dir='ltr'>prudentium</span> <span class='ocrx_word' id='word_1_20' title='bbox 858 971 1007 1049; x_wconf 87' lang='lat' dir='ltr'>tractare</span> <span class='ocrx_word' id='word_1_21' title='bbox 1012 976 1023 1068; x_wconf 61' lang='lat'>,&#39;</span> <span class='ocrx_word' id='word_1_22' title='bbox 1028 979 1129 1047; x_wconf 91' lang='lat' dir='ltr'>facile</span> <span class='ocrx_word' id='word_1_23' title='bbox 1141 978 1421 1078; x_wconf 83' lang='lat' dir='ltr'>concedetur.De</span> 
     </span>
     <span class='ocr_line' id='line_1_5' title="bbox 330 1103 1416 1194; baseline 0 -23"><span class='ocrx_word' id='word_1_24' title='bbox 330 1105 491 1193; x_wconf 90' lang='lat' dir='ltr'>personis</span> <span class='ocrx_word' id='word_1_25' title='bbox 510 1106 656 1194; x_wconf 84' lang='lat' dir='ltr'>scilicet,</span> <span class='ocrx_word' id='word_1_26' title='bbox 672 1105 715 1174; x_wconf 90' lang='lat' dir='ltr'>de</span> <span class='ocrx_word' id='word_1_27' title='bbox 730 1105 851 1192; x_wconf 77' lang='lat' dir='ltr'>rebuS,</span> <span class='ocrx_word' id='word_1_28' title='bbox 866 1110 901 1173; x_wconf 90' lang='grc'>31</span> <span class='ocrx_word' id='word_1_29' title='bbox 924 1104 968 1172; x_wconf 90' lang='lat' dir='ltr'>de</span> <span class='ocrx_word' id='word_1_30' title='bbox 989 1104 1185 1174; x_wconf 74' lang='lat' dir='ltr'>actionibus</span> <span class='ocrx_word' id='word_1_31' title='bbox 1204 1103 1416 1172; x_wconf 89' lang='lat' dir='ltr'>videbimus.</span> 
     </span>
     <span class='ocr_line' id='line_1_6' title="bbox 330 1200 1416 1319; baseline -0.002 -21"><span class='ocrx_word' id='word_1_32' title='bbox 330 1227 488 1298; x_wconf 86' lang='lat' dir='ltr'>Romana</span> <span class='ocrx_word' id='word_1_33' title='bbox 513 1230 656 1319; x_wconf 90' lang='lat' dir='ltr'>quidem</span> <span class='ocrx_word' id='word_1_34' title='bbox 678 1235 732 1298; x_wconf 87' lang='lat' dir='ltr'>est</span> <span class='ocrx_word' id='word_1_35' title='bbox 754 1232 821 1298; x_wconf 91' lang='lat' dir='ltr'>ista</span> <span class='ocrx_word' id='word_1_36' title='bbox 845 1200 933 1318; x_wconf 84' lang='lat' dir='ltr'>juris</span> <span class='ocrx_word' id='word_1_37' title='bbox 959 1229 1171 1316; x_wconf 81' lang='lat' dir='ltr'>distributio,</span> <span class='ocrx_word' id='word_1_38' title='bbox 1193 1247 1263 1296; x_wconf 90' lang='lat' dir='ltr'>non</span> <span class='ocrx_word' id='word_1_39' title='bbox 1281 1247 1416 1318; x_wconf 81' lang='lat' dir='ltr'>graeca3</span> 
     </span>
     <span class='ocr_line' id='line_1_7' title="bbox 328 1351 1418 1444; baseline 0 -24"><span class='ocrx_word' id='word_1_40' title='bbox 328 1372 451 1421; x_wconf 87' lang='lat' dir='ltr'>verum</span> <span class='ocrx_word' id='word_1_41' title='bbox 469 1353 646 1423; x_wconf 91' lang='lat' dir='ltr'>Romanos</span> <span class='ocrx_word' id='word_1_42' title='bbox 666 1355 765 1443; x_wconf 83' lang='lat' dir='ltr'>sequi</span> <span class='ocrx_word' id='word_1_43' title='bbox 790 1353 1024 1444; x_wconf 77' lang='lat' dir='ltr'>praestabilius</span> <span class='ocrx_word' id='word_1_44' title='bbox 1051 1357 1117 1440; x_wconf 88' lang='lat' dir='ltr'>est,</span> <span class='ocrx_word' id='word_1_45' title='bbox 1146 1357 1266 1442; x_wconf 82' lang='lat' dir='ltr'>utpote</span> <span class='ocrx_word' id='word_1_46' title='bbox 1291 1351 1418 1420; x_wconf 90' lang='lat' dir='ltr'>melius</span> 
     </span>
     <span class='ocr_line' id='line_1_8' title="bbox 327 1477 1418 1568; baseline -0.001 -23"><span class='ocrx_word' id='word_1_47' title='bbox 327 1482 445 1565; x_wconf 90' lang='lat' dir='ltr'>notos;</span> <span class='ocrx_word' id='word_1_48' title='bbox 464 1485 540 1548; x_wconf 90' lang='lat' dir='ltr'>tum</span> <span class='ocrx_word' id='word_1_49' title='bbox 555 1480 585 1548; x_wconf 92' lang='lat' dir='ltr'>si</span> <span class='ocrx_word' id='word_1_50' title='bbox 598 1500 679 1568; x_wconf 89' lang='lat' dir='ltr'>qua,</span> <span class='ocrx_word' id='word_1_51' title='bbox 693 1480 731 1547; x_wconf 93' lang='lat' dir='ltr'>in</span> <span class='ocrx_word' id='word_1_52' title='bbox 746 1479 902 1548; x_wconf 82' lang='lat' dir='ltr'>Terentii</span> <span class='ocrx_word' id='word_1_53' title='bbox 921 1477 1059 1560; x_wconf 89' lang='lat' dir='ltr'>fabulis,</span> <span class='ocrx_word' id='word_1_54' title='bbox 1084 1499 1164 1547; x_wconf 89' lang='lat' dir='ltr'>cum</span> <span class='ocrx_word' id='word_1_55' title='bbox 1182 1479 1318 1548; x_wconf 90' lang='lat' dir='ltr'>romani</span> <span class='ocrx_word' id='word_1_56' title='bbox 1328 1477 1418 1566; x_wconf 84' lang='lat' dir='ltr'>J&#39;uris</span> 
     </span>
     <span class='ocr_line' id='line_1_9' title="bbox 327 1601 1418 1692; baseline -0.001 -22"><span class='ocrx_word' id='word_1_57' title='bbox 327 1601 457 1692; x_wconf 88' lang='lat' dir='ltr'>regulis</span> <span class='ocrx_word' id='word_1_58' title='bbox 481 1604 712 1684; x_wconf 80' lang='lat' dir='ltr'>consentiant,</span> <span class='ocrx_word' id='word_1_59' title='bbox 734 1624 777 1673; x_wconf 89' lang='lat' dir='ltr'>ea</span> <span class='ocrx_word' id='word_1_60' title='bbox 795 1603 962 1672; x_wconf 89' lang='lat' dir='ltr'>Romanis</span> <span class='ocrx_word' id='word_1_61' title='bbox 986 1602 1239 1687; x_wconf 71' lang='lat' dir='ltr'>adscribamus</span> <span class='ocrx_word' id='word_1_62' title='bbox 1257 1603 1312 1671; x_wconf 90' lang='lat' dir='ltr'>sin</span> <span class='ocrx_word' id='word_1_63' title='bbox 1334 1623 1418 1670; x_wconf 86' lang='lat' dir='ltr'>vero</span> 
     </span>
     <span class='ocr_line' id='line_1_10' title="bbox 329 1725 1413 1817; baseline 0.001 -24"><span class='ocrx_word' id='word_1_64' title='bbox 329 1725 542 1817; x_wconf 89' lang='lat' dir='ltr'>discrepent,</span> <span class='ocrx_word' id='word_1_65' title='bbox 569 1750 654 1797; x_wconf 92' lang='lat' dir='ltr'>num</span> <span class='ocrx_word' id='word_1_66' title='bbox 670 1728 804 1797; x_wconf 88' lang='lat' dir='ltr'>Graecis</span> <span class='ocrx_word' id='word_1_67' title='bbox 823 1727 1046 1797; x_wconf 86' lang='lat' dir='ltr'>attribuenda</span> <span class='ocrx_word' id='word_1_68' title='bbox 1064 1729 1133 1797; x_wconf 91' lang='lat' dir='ltr'>sint</span> <span class='ocrx_word' id='word_1_69' title='bbox 1148 1727 1413 1798; x_wconf 87' lang='lat' dir='ltr'>aestimabimus.</span> 
     </span>
    </p>
   </div>
   <div class='ocr_carea' id='block_1_3' title="bbox 684 2102 1053 2171">
    <p class='ocr_par' dir='ltr' id='par_1_3' title="bbox 684 2102 1053 2171">
     <span class='ocr_line' id='line_1_11' title="bbox 684 2102 1053 2171; baseline 0.005 -3"><span class='ocrx_word' id='word_1_70' title='bbox 684 2103 712 2169; x_wconf 94' lang='grc' dir='ltr'>Ι.</span> <span class='ocrx_word' id='word_1_71' title='bbox 734 2138 782 2153; x_wconf 88' lang='grc'>-</span> <span class='ocrx_word' id='word_1_72' title='bbox 800 2102 853 2169; x_wconf 78' lang='lat' dir='ltr'>Du</span> <span class='ocrx_word' id='word_1_73' title='bbox 871 2120 1053 2171; x_wconf 82' lang='lat' dir='ltr'>ruasoms.</span> 
     </span>
    </p>
   </div>
   <div class='ocr_carea' id='block_1_4' title="bbox 155 2325 1415 3695">
    <p class='ocr_par' dir='ltr' id='par_1_4' title="bbox 322 2325 1415 3301">
     <span class='ocr_line' id='line_1_12' title="bbox 373 2325 1414 2424; baseline -0.001 -24"><span class='ocrx_word' id='word_1_74' title='bbox 373 2331 460 2400; x_wconf 88' lang='lat' dir='ltr'>Haec</span> <span class='ocrx_word' id='word_1_75' title='bbox 477 2336 543 2419; x_wconf 88' lang='lat' dir='ltr'>est,</span> <span class='ocrx_word' id='word_1_76' title='bbox 560 2334 599 2399; x_wconf 89' lang='lat' dir='ltr'>ut</span> <span class='ocrx_word' id='word_1_77' title='bbox 610 2329 718 2399; x_wconf 88' lang='lat' dir='ltr'>Gaius</span> <span class='ocrx_word' id='word_1_78' title='bbox 732 2331 779 2399; x_wconf 90' lang='lat' dir='ltr'>ait</span> <span class='ocrx_word' id='word_1_79' title='bbox 795 2325 863 2424; x_wconf 83' lang='lat' dir='ltr'>(t),</span> <span class='ocrx_word' id='word_1_80' title='bbox 885 2349 1021 2399; x_wconf 82' lang='lat' dir='ltr'>summa</span> <span class='ocrx_word' id='word_1_81' title='bbox 1032 2329 1166 2420; x_wconf 86' lang='lat' dir='ltr'>dejure</span> <span class='ocrx_word' id='word_1_82' title='bbox 1184 2350 1414 2420; x_wconf 87' lang='lat' dir='ltr'>personarum</span> 
     </span>
     <span class='ocr_line' id='line_1_13' title="bbox 323 2454 1411 2545; baseline 0.002 -23"><span class='ocrx_word' id='word_1_83' title='bbox 323 2455 459 2544; x_wconf 77' lang='lat' dir='ltr'>divisio,</span> <span class='ocrx_word' id='word_1_84' title='bbox 482 2455 574 2545; x_wconf 90' lang='lat' dir='ltr'>quod</span> <span class='ocrx_word' id='word_1_85' title='bbox 587 2475 710 2524; x_wconf 88' lang='lat' dir='ltr'>omnes</span> <span class='ocrx_word' id='word_1_86' title='bbox 728 2454 888 2523; x_wconf 91' lang='lat' dir='ltr'>homines</span> <span class='ocrx_word' id='word_1_87' title='bbox 905 2459 965 2523; x_wconf 88' lang='lat' dir='ltr'>aut</span> <span class='ocrx_word' id='word_1_88' title='bbox 983 2454 1087 2524; x_wconf 91' lang='lat' dir='ltr'>liberi</span> <span class='ocrx_word' id='word_1_89' title='bbox 1106 2460 1198 2543; x_wconf 87' lang='lat' dir='ltr'>sunt,</span> <span class='ocrx_word' id='word_1_90' title='bbox 1228 2459 1288 2524; x_wconf 87' lang='lat' dir='ltr'>aut</span> <span class='ocrx_word' id='word_1_91' title='bbox 1307 2456 1411 2524; x_wconf 85' lang='lat' dir='ltr'>servi.</span> 
     </span>
     <span class='ocr_line' id='line_1_14' title="bbox 323 2579 1410 2670; baseline -0.003 -19"><span class='ocrx_word' id='word_1_92' title='bbox 323 2580 458 2651; x_wconf 85' lang='lat' dir='ltr'>Rursus</span> <span class='ocrx_word' id='word_1_93' title='bbox 474 2581 666 2650; x_wconf 90' lang='lat' dir='ltr'>liberorum</span> <span class='ocrx_word' id='word_1_94' title='bbox 675 2581 856 2650; x_wconf 91' lang='lat' dir='ltr'>hominum</span> <span class='ocrx_word' id='word_1_95' title='bbox 867 2579 925 2649; x_wconf 91' lang='grc'><strong>3111</strong></span> <span class='ocrx_word' id='word_1_96' title='bbox 936 2580 1029 2648; x_wconf 90' lang='lat' dir='ltr'>cives</span> <span class='ocrx_word' id='word_1_97' title='bbox 1045 2586 1138 2668; x_wconf 87' lang='lat' dir='ltr'>sunt,</span> <span class='ocrx_word' id='word_1_98' title='bbox 1149 2581 1207 2649; x_wconf 89' lang='lat' dir='ltr'>alii</span> <span class='ocrx_word' id='word_1_99' title='bbox 1219 2581 1410 2670; x_wconf 87' lang='lat' dir='ltr'>peregrini.</span> 
     </span>
     <span class='ocr_line' id='line_1_15' title="bbox 323 2705 1415 2807; baseline -0.001 -33"><span class='ocrx_word' id='word_1_100' title='bbox 323 2705 459 2807; x_wconf 78' lang='lat' dir='ltr'>Saepius</span> <span class='ocrx_word' id='word_1_101' title='bbox 484 2706 626 2794; x_wconf 89' lang='lat' dir='ltr'>quidem</span> <span class='ocrx_word' id='word_1_102' title='bbox 654 2706 698 2774; x_wconf 88' lang='lat' dir='ltr'>de</span> <span class='ocrx_word' id='word_1_103' title='bbox 727 2707 924 2797; x_wconf 83' lang='lat' dir='ltr'>peregrinis</span> <span class='ocrx_word' id='word_1_104' title='bbox 953 2706 1047 2796; x_wconf 90' lang='lat' dir='ltr'>apud</span> <span class='ocrx_word' id='word_1_105' title='bbox 1072 2707 1275 2775; x_wconf 87' lang='lat' dir='ltr'>Terentium</span> <span class='ocrx_word' id='word_1_106' title='bbox 1301 2706 1415 2796; x_wconf 83' lang='lat' dir='ltr'>agitur</span> 
     </span>
     <span class='ocr_line' id='line_1_16' title="bbox 324 2830 1414 2922; baseline 0 -24"><span class='ocrx_word' id='word_1_107' title='bbox 324 2850 429 2921; x_wconf 89' lang='lat' dir='ltr'>quam</span> <span class='ocrx_word' id='word_1_108' title='bbox 442 2835 482 2899; x_wconf 86' lang='lat' dir='ltr'>ut</span> <span class='ocrx_word' id='word_1_109' title='bbox 496 2851 555 2899; x_wconf 90' lang='lat' dir='ltr'>eos</span> <span class='ocrx_word' id='word_1_110' title='bbox 566 2831 703 2900; x_wconf 91' lang='lat' dir='ltr'>silentio</span> <span class='ocrx_word' id='word_1_111' title='bbox 714 2832 982 2922; x_wconf 87' lang='lat' dir='ltr'>praetermittere</span> <span class='ocrx_word' id='word_1_112' title='bbox 996 2831 1117 2918; x_wconf 82' lang='lat' dir='ltr'>liceat3</span> <span class='ocrx_word' id='word_1_113' title='bbox 1129 2830 1192 2899; x_wconf 91' lang='lat' dir='ltr'>sed</span> <span class='ocrx_word' id='word_1_114' title='bbox 1206 2851 1327 2920; x_wconf 84' lang='lat' dir='ltr'>quum,</span> <span class='ocrx_word' id='word_1_115' title='bbox 1343 2850 1414 2898; x_wconf 89' lang='lat' dir='ltr'>non</span> 
     </span>
     <span class='ocr_line' id='line_1_17' title="bbox 323 2959 1413 3051; baseline 0.001 -24"><span class='ocrx_word' id='word_1_116' title='bbox 323 2959 392 3027; x_wconf 92' lang='lat' dir='ltr'>nisi</span> <span class='ocrx_word' id='word_1_117' title='bbox 418 2960 510 3030; x_wconf 87' lang='lat' dir='ltr'>circa</span> <span class='ocrx_word' id='word_1_118' title='bbox 536 2961 811 3050; x_wconf 89' lang='lat' dir='ltr'>matrimonium,</span> <span class='ocrx_word' id='word_1_119' title='bbox 846 2962 1021 3030; x_wconf 86' lang='lat' dir='ltr'>civitatem</span> <span class='ocrx_word' id='word_1_120' title='bbox 1044 2967 1103 3031; x_wconf 92' lang='lat' dir='ltr'>aut</span> <span class='ocrx_word' id='word_1_121' title='bbox 1125 2961 1413 3051; x_wconf 80' lang='lat' dir='ltr'>peregrinitatem</span> 
     </span>
     <span class='ocr_line' id='line_1_18' title="bbox 324 3087 1411 3176; baseline 0 -22"><span class='ocrx_word' id='word_1_122' title='bbox 324 3093 586 3176; x_wconf 85' lang='lat' dir='ltr'>commemoret,</span> <span class='ocrx_word' id='word_1_123' title='bbox 609 3107 691 3156; x_wconf 89' lang='lat' dir='ltr'>eum</span> <span class='ocrx_word' id='word_1_124' title='bbox 707 3089 831 3176; x_wconf 84' lang='lat' dir='ltr'>secuti,</span> <span class='ocrx_word' id='word_1_125' title='bbox 849 3087 988 3176; x_wconf 89' lang='lat' dir='ltr'>quando</span> <span class='ocrx_word' id='word_1_126' title='bbox 1002 3087 1046 3155; x_wconf 90' lang='lat' dir='ltr'>de</span> <span class='ocrx_word' id='word_1_127' title='bbox 1058 3087 1160 3176; x_wconf 87' lang='lat' dir='ltr'>justis</span> <span class='ocrx_word' id='word_1_128' title='bbox 1179 3088 1323 3176; x_wconf 84' lang='lat' dir='ltr'>nuptiis,</span> <span class='ocrx_word' id='word_1_129' title='bbox 1337 3092 1411 3154; x_wconf 85' lang='lat' dir='ltr'>tum</span> 
     </span>
     <span class='ocr_line' id='line_1_19' title="bbox 322 3210 822 3301; baseline 0.006 -24"><span class='ocrx_word' id='word_1_130' title='bbox 322 3215 358 3278; x_wconf 91' lang='lat' dir='ltr'>et</span> <span class='ocrx_word' id='word_1_131' title='bbox 375 3210 420 3279; x_wconf 90' lang='lat' dir='ltr'>de</span> <span class='ocrx_word' id='word_1_132' title='bbox 436 3211 632 3301; x_wconf 79' lang='lat' dir='ltr'>peregrinis</span> <span class='ocrx_word' id='word_1_133' title='bbox 651 3212 822 3281; x_wconf 81' lang='lat' dir='ltr'>dicemus,</span> 
     </span>
    </p>

    <p class='ocr_par' dir='ltr' id='par_1_5' title="bbox 155 3334 1409 3695">
     <span class='ocr_line' id='line_1_20' title="bbox 155 3334 1406 3427; baseline -0.001 -24"><span class='ocrx_word' id='word_1_134' title='bbox 155 3351 183 3391; x_wconf 71' lang='lat' dir='ltr'>u·</span> <span class='ocrx_word' id='word_1_135' title='bbox 194 3351 307 3395; x_wconf 69' lang='grc'><strong>133133</strong></span> <span class='ocrx_word' id='word_1_136' title='bbox 369 3334 528 3424; x_wconf 89' lang='lat' dir='ltr'>Denique</span> <span class='ocrx_word' id='word_1_137' title='bbox 544 3340 604 3404; x_wconf 86' lang='lat' dir='ltr'>aut</span> <span class='ocrx_word' id='word_1_138' title='bbox 620 3337 765 3427; x_wconf 88' lang='lat' dir='ltr'>ingenui</span> <span class='ocrx_word' id='word_1_139' title='bbox 777 3343 859 3405; x_wconf 83' lang='lat' dir='ltr'>sunt</span> <span class='ocrx_word' id='word_1_140' title='bbox 869 3336 972 3406; x_wconf 86' lang='lat' dir='ltr'>liberi</span> <span class='ocrx_word' id='word_1_141' title='bbox 980 3337 1153 3425; x_wconf 60' lang='lat' dir='ltr'>homines</span> <span class='ocrx_word' id='word_1_142' title='bbox 1169 3342 1228 3405; x_wconf 88' lang='lat' dir='ltr'>aut</span> <span class='ocrx_word' id='word_1_143' title='bbox 1241 3335 1406 3424; x_wconf 80' lang='lat' dir='ltr'>libertini,</span> 
     </span>
     <span class='ocr_line' id='line_1_21' title="bbox 322 3456 1409 3549; baseline 0.001 -24"><span class='ocrx_word' id='word_1_144' title='bbox 322 3456 429 3527; x_wconf 88' lang='lat' dir='ltr'>idest</span> <span class='ocrx_word' id='word_1_145' title='bbox 446 3479 466 3526; x_wconf 89' lang='grc'><strong>3</strong></span> <span class='ocrx_word' id='word_1_146' title='bbox 483 3460 648 3528; x_wconf 87' lang='lat' dir='ltr'>servitute</span> <span class='ocrx_word' id='word_1_147' title='bbox 666 3461 884 3530; x_wconf 90' lang='lat' dir='ltr'>manumissi.</span> <span class='ocrx_word' id='word_1_148' title='bbox 907 3462 1163 3530; x_wconf 87' lang='lat' dir='ltr'>Manumittitur</span> <span class='ocrx_word' id='word_1_149' title='bbox 1181 3461 1219 3528; x_wconf 88' lang='lat' dir='ltr'>in</span> <span class='ocrx_word' id='word_1_150' title='bbox 1242 3459 1409 3549; x_wconf 86' lang='lat' dir='ltr'>Adelphis</span> 
     </span>
     <span class='ocr_line' id='line_1_22' title="bbox 220 3583 848 3695; baseline 0.008 -47"><span class='ocrx_word' id='word_1_151' title='bbox 220 3682 226 3695; x_wconf 33' lang='grc' dir='ltr'><strong><em>Ι</em></strong></span> <span class='ocrx_word' id='word_1_152' title='bbox 323 3601 443 3650; x_wconf 90' lang='lat' dir='ltr'>servus</span> <span class='ocrx_word' id='word_1_153' title='bbox 463 3583 687 3653; x_wconf 89' lang='lat' dir='ltr'>Micionishis</span> <span class='ocrx_word' id='word_1_154' title='bbox 702 3585 820 3654; x_wconf 81' lang='lat' dir='ltr'>verbis</span> <span class='ocrx_word' id='word_1_155' title='bbox 842 3609 848 3653; x_wconf 93' lang='lat'>:</span> 
     </span>
    </p>
   </div>
   <div class='ocr_carea' id='block_1_5' title="bbox 463 3730 1309 3910">
    <p class='ocr_par' dir='ltr' id='par_1_6' title="bbox 463 3730 1309 3910">
     <span class='ocr_line' id='line_1_23' title="bbox 463 3730 1168 3811; baseline -0.001 -18"><span class='ocrx_word' id='word_1_156' title='bbox 463 3730 548 3811; x_wconf 87' lang='lat' dir='ltr'>Syre,</span> <span class='ocrx_word' id='word_1_157' title='bbox 565 3731 641 3794; x_wconf 84' lang='lat' dir='ltr'>eho!</span> <span class='ocrx_word' id='word_1_158' title='bbox 659 3733 771 3794; x_wconf 88' lang='lat' dir='ltr'>accede</span> <span class='ocrx_word' id='word_1_159' title='bbox 785 3732 847 3794; x_wconf 92' lang='lat' dir='ltr'>huc</span> <span class='ocrx_word' id='word_1_160' title='bbox 860 3733 899 3793; x_wconf 87' lang='lat' dir='ltr'>ad</span> <span class='ocrx_word' id='word_1_161' title='bbox 916 3752 980 3806; x_wconf 88' lang='lat' dir='ltr'>me;</span> <span class='ocrx_word' id='word_1_162' title='bbox 997 3732 1077 3793; x_wconf 88' lang='lat' dir='ltr'>liber</span> <span class='ocrx_word' id='word_1_163' title='bbox 1091 3737 1168 3793; x_wconf 85' lang='lat' dir='ltr'>esto.</span> 
     </span>
     <span class='ocr_line' id='line_1_24' title="bbox 1091 3829 1309 3910; baseline -0.009 -18"><span class='ocrx_word' id='word_1_164' title='bbox 1091 3829 1139 3910; x_wconf 87' lang='lat' dir='ltr'>(V,</span> <span class='ocrx_word' id='word_1_165' title='bbox 1155 3839 1184 3905; x_wconf 82' lang='lat' dir='ltr'>u,</span> <span class='ocrx_word' id='word_1_166' title='bbox 1200 3849 1231 3890; x_wconf 88' lang='lat' dir='ltr'>v.</span> <span class='ocrx_word' id='word_1_167' title='bbox 1249 3829 1309 3910; x_wconf 83' lang='grc'><strong>13.)</strong></span> 
     </span>
    </p>
   </div>
   <div class='ocr_carea' id='block_1_6' title="bbox 318 3973 1407 4062">
    <p class='ocr_par' dir='ltr' id='par_1_7' title="bbox 318 3973 1407 4062">
     <span class='ocr_line' id='line_1_25' title="bbox 318 3973 1407 4062; baseline 0.001 -20"><span class='ocrx_word' id='word_1_168' title='bbox 318 3991 399 4062; x_wconf 88' lang='lat' dir='ltr'>quae</span> <span class='ocrx_word' id='word_1_169' title='bbox 419 3977 646 4045; x_wconf 88' lang='lat' dir='ltr'>manumissio</span> <span class='ocrx_word' id='word_1_170' title='bbox 672 3976 801 4045; x_wconf 91' lang='lat' dir='ltr'>dicitur</span> <span class='ocrx_word' id='word_1_171' title='bbox 826 3976 915 4046; x_wconf 83' lang='lat' dir='ltr'>iuter</span> <span class='ocrx_word' id='word_1_172' title='bbox 933 3973 1058 4045; x_wconf 80' lang='lat' dir='ltr'>amicos</span> <span class='ocrx_word' id='word_1_173' title='bbox 1076 3973 1155 4044; x_wconf 89' lang='lat' dir='ltr'>fieri</span> <span class='ocrx_word' id='word_1_174' title='bbox 1178 3996 1185 4043; x_wconf 93' lang='lat'>:</span> <span class='ocrx_word' id='word_1_175' title='bbox 1206 3975 1293 4044; x_wconf 93' lang='lat' dir='ltr'>nihil</span> <span class='ocrx_word' id='word_1_176' title='bbox 1312 3974 1407 4043; x_wconf 90' lang='lat' dir='ltr'>enim</span> 
     </span>
    </p>
   </div>
   <div class='ocr_carea' id='block_1_7' title="bbox 351 4310 809 4386">
    <p class='ocr_par' dir='ltr' id='par_1_8' title="bbox 351 4310 809 4386">
     <span class='ocr_line' id='line_1_26' title="bbox 351 4310 809 4386; baseline 0.011 -21"><span class='ocrx_word' id='word_1_177' title='bbox 351 4314 390 4379; x_wconf 80' lang='lat' dir='ltr'>(t)</span> <span class='ocrx_word' id='word_1_178' title='bbox 410 4310 628 4368; x_wconf 74' lang='lat' dir='ltr'>institutionum</span> <span class='ocrx_word' id='word_1_179' title='bbox 643 4312 695 4369; x_wconf 76' lang='lat' dir='ltr'>tu.</span> <span class='ocrx_word' id='word_1_180' title='bbox 716 4314 736 4377; x_wconf 87' lang='lat' dir='ltr'>l,</span> <span class='ocrx_word' id='word_1_181' title='bbox 753 4317 809 4386; x_wconf 68' lang='grc'><strong>19.</strong></span> 
     </span>
    </p>
   </div>
   <div class='ocr_carea' id='block_1_8' title="bbox 0 0 1590 5370">
    <p class='ocr_par' dir='ltr' id='par_1_9' title="bbox 0 0 1590 5370">
     <span class='ocr_line' id='line_1_27' title="bbox 0 0 1590 5370; baseline 0 4"><span class='ocrx_word' id='word_1_182' title='bbox 0 0 1590 5370; x_wconf 95' lang='lat' dir='ltr'> </span> 
     </span>
    </p>
   </div>
  </div>
 </body>
</html>
