3172 5370
646 578 825 647 ..23-

189 781 293 830 nemo
307 763 360 829 est
374 760 458 848 quin
475 779 494 828 e
507 759 700 849 Pamphilo,
720 761 812 850 quod
828 781 915 832 uxor
927 763 1001 852 ejus
1014 764 1165 854 peperit,
1178 768 1275 833 reete

188 889 311 954 natum
329 884 530 953 arbitretur.
551 883 690 952 Etenim
712 885 785 974 jam
808 887 977 976 septimus
995 888 1127 957 mensis
1146 889 1274 978 ageba-

188 1016 245 1081 tur
261 1014 447 1100 postquam
473 1007 681 1078 Philumena
700 1010 745 1080 ad
764 1031 847 1081 eum
862 1018 1031 1100 venerat3
1051 1012 1278 1103 prudentium

188 1134 672 1224 autemsententiaprohatur,
683 1137 832 1226 eumqui
842 1138 991 1228 septimo
999 1138 1281 1209 mensenatussit

185 1262 319 1352 justum
332 1259 444 1330 filium
459 1279 538 1329 esse
558 1254 625 1355 (1).
649 1259 720 1331 Sed
737 1263 804 1331 etsi
819 1283 900 1333 oum
917 1283 959 1333 ea
973 1263 1176 1355 Pamphilus
1191 1263 1280 1334 duo·

187 1385 254 1456 bus
268 1390 404 1455 tantum
435 1388 515 1474 post
544 1385 727 1456 mensibus
758 1387 1008 1476 concubuerat,
1036 1386 1133 1458 nulla
1161 1392 1280 1457 tamen

189 1514 264 1579 erat
285 1507 441 1598 legitima
455 1526 561 1577 eausa
574 1527 638 1578 eur
655 1530 805 1600 puerum
831 1531 903 1581 non
916 1516 1135 1602 agnosceret.
1158 1511 1280 1600 Itaque

187 1654 259 1703 non
274 1633 402 1722 injuria
416 1637 517 1723 pater
536 1634 610 1723 eJus
630 1635 664 1704 ei
684 1636 878 1726 gratulatur
896 1642 1019 1707 natum
1030 1656 1108 1707 esse
1123 1635 1260 1709 filium:

508 1795 597 1860 Hune
611 1797 717 1862 videre
731 1819 815 1878 saepe
829 1801 1019 1879 optabamus
1033 1801 1127 1877 diem,

302 1895 403 1968 Quum
418 1912 456 1957 aa
471 1901 497 1956 te
510 1903 582 1956 esset
595 1893 717 1976 aliquis,
733 1896 789 1976 qui
801 1900 833 1959 te
849 1897 1025 1975 appellaret
1037 1900 1177 1974 patrem

305 1993 440 2059 Evenit:
456 1992 559 2056 habeo
573 1992 708 2074 gratiam
724 1993 784 2058 dis.
809 2041 816 2058 .
843 2041 851 2058 .
877 2041 885 2058 .

782 2091 882 2168 (Heu,
898 2091 948 2168 lv,
963 2092 992 2166 l,
1007 2111 1040 2158 v.
1055 2093 1176 2170 99-31.)

184 2254 258 2318 tum
269 2266 353 2317 vero
364 2266 528 2337 puerum,
543 2251 709 2336 nepotem
719 2267 834 2335 suum,
850 2246 1033 2337 Pamphilo
1045 2247 1146 2317 reddi
1157 2253 1278 2339 postu·

182 2375 231 2446 lat
245 2378 281 2443 et
294 2373 387 2464 apud
402 2393 440 2442 se
455 2371 657 2443 transferri:

304 2563 445 2583 .....
469 2518 548 2582 Huic
561 2537 647 2580 auam
659 2518 773 2582 reddas
787 2518 915 2594 seilicet,

301 2619 342 2680 Ut
357 2617 479 2680 alamus
492 2620 648 2680 nostrum.

841 2713 948 2796 (Ilia,
960 2736 991 2780 v.
1009 2716 1048 2781 ll
1062 2719 1093 2778 et
1108 2716 1170 2790 48.)

230 2844 386 2916 Nostrum
416 2844 559 2934 quidem
584 2844 716 2935 optimo
731 2842 811 2933 jure
828 2843 947 2913 dicere
975 2844 1100 2936 potuit,
1125 2864 1208 2914 nam
1235 2848 1274 2913 ut

181 2991 291 3062 puero
314 2972 586 3061 praesumptione
611 2970 762 3059 quadam
792 2974 893 3059 pater
915 2970 1085 3040 naturahs
1105 2974 1160 3038 est
1172 2970 1274 3040 Pam·

180 3096 309 3187 philus,
326 3096 377 3165 sie
391 3097 425 3165 ei
436 3096 571 3165 Laches
580 3094 830 3186 paterfamilias
839 3099 905 3185 est,
920 3095 1272 3187 quippequipotesta·

180 3227 251 3291 tem
269 3221 411 3291 habeat.
842 3230 845 3240 '

227 3346 415 3416 Servorum
445 3349 563 3416 autem
594 3345 856 3435 eonJunotiones
888 3365 1110 3435 nequaquam
1137 3344 1270 3435 justum
1284 3363 1484 3414 moneamur

178 3473 400 3542 habebantur
413 3470 687 3558 matrimonium,
706 3471 833 3560 quibus
848 3471 1068 3540 contubernii
1085 3471 1269 3562 appellatio

179 3598 289 3667 indita
297 3602 367 3683 est;
385 3596 496 3667 tacete
511 3597 617 3687 igitur
628 3604 731 3685 atque
746 3596 894 3687 gloriose
909 3595 1029 3686 Syrus,
1046 3597 1149 3667 modo
1159 3596 1268 3666 liber-

177 3727 247 3792 tate
269 3723 429 3811 donatur,
467 3742 604 3792 servam
630 3721 745 3793 adhuc
775 3706 962 3813 Phrygiam
986 3723 1104 3792 uxoris
1125 3722 1267 3791 nomine

177 3868 301 3918 ornare
320 3846 448 3938 gaudet
467 3869 475 3915 :

295 4012 465 4094 Phrygiam
482 4055 490 4075 .
515 4057 523 4072 .
547 4053 555 4073 .
577 4029 700 4074 oaorem
714 4028 820 4092 meum.

788 4107 941 4191 (Adelph,
957 4109 995 4183 V,
1010 4109 1040 4182 9,
1056 4128 1086 4170 v.
1104 4107 1166 4191 lb.)

210 4363 250 4435 (t)
270 4361 384 4428 Paulus,
400 4361 439 4419 ir.
457 4365 502 4433 ta,
521 4359 602 4434 big„
618 4360 654 4417 de
669 4364 741 4417 statu
757 4357 920 4429 hominum,
936 4361 965 4429 t,
978 4361 1006 4416 ὕ.
