3172 5370
827 578 1005 646 ..20-

365 760 416 830 sic
427 761 521 830 enim
534 760 799 851 intelligendum
814 766 867 829 est
879 782 886 828 :
900 761 1049 830 amicam
1064 761 1195 829 habere
1210 780 1293 852 eum
1312 783 1330 825 1
1349 781 1473 850 prope

360 887 432 978 jam
450 888 487 956 in
498 888 615 957 uxoris
634 888 710 957 loco
730 907 765 977 r,
789 893 828 956 ut
845 887 930 956 alias
945 892 1045 981 pater
1064 886 1247 976 delitigans
1270 862 1477 976 enprobrat

360 1012 621 1084 adolescentulo
640 1011 701 1108 (1).
723 1013 825 1098 Quod
837 1012 867 1081 si
883 1011 1012 1101 Davus,
1026 1012 1128 1101 juria,
1151 1017 1190 1080 ut
1211 1011 1383 1100 diximus,
1400 1033 1476 1102 pe·

360 1136 562 1226 ritissimus,
584 1138 633 1208 ita
646 1138 847 1229 distinguit:

708 1359 714 1374 .
740 1357 749 1375 .
774 1358 781 1373 .
807 1358 815 1376 .
838 1315 912 1374 llaec
925 1311 1054 1386 Andria,

588 1410 659 1474 Sive
671 1410 732 1473 ista
745 1428 834 1487 uror,
850 1410 915 1472 sive
929 1411 1032 1489 amica
1041 1415 1099 1495 est,
1126 1456 1133 1471 .
1159 1457 1167 1471 .
1191 1454 1199 1470 .
1225 1456 1232 1471 .

921 1505 1043 1583 (Andr,
1061 1509 1084 1583 Ι,
1101 1507 1130 1591 3,
1147 1526 1178 1567 v.
1195 1507 1279 1567 ittet
1294 1504 1359 1584 11.)

364 1682 436 1735 non
454 1661 534 1732 idco
554 1660 729 1752 legitimas
752 1662 893 1751 nuptias
919 1679 999 1730 cum
1032 1661 1220 1750 peregrina
1245 1657 1467 1748 quandoque

364 1785 522 1859 contrahi
535 1804 639 1875 posse
650 1784 835 1876 significat,
853 1786 902 1855 ita
915 1790 953 1853 ut
963 1785 1030 1854 hoc
1043 1784 1119 1875 loco
1127 1784 1322 1873 ambigatur
1335 1786 1467 1851 utrum

360 1912 612 1986 concubinatus
634 1911 745 1979 sitan
768 1911 1044 1999 matrimonium,
1067 1931 1191 1979 verum
1207 1930 1249 1978 ea
1266 1907 1378 1977 verba
1403 1927 1465 1975 se·

363 2037 551 2130 (tuentibus
566 2036 782 2106 illustrantur
801 2059 807 2104 :

685 2191 822 2271 llingunt
826 2239 998 2258 ......

568 2289 671 2357 Civem
687 2290 809 2352 atticam
825 2310 891 2354 esse
906 2291 999 2354 hanc.

1021 2385 1355 2466 (irrumceria)

363 2554 440 2628 Jarn
459 2556 567 2648 onim,
585 2559 689 2629 modo
703 2579 787 2630 vera
803 2559 1009 2650 praedicent,
1037 2578 1125 2628 uxor
1150 2558 1217 2627 erit
1240 2554 1460 2648 Glycerium,

362 2678 448 2752 lalrc
468 2680 601 2754 Andria
615 2684 761 2774 credita,
783 2703 935 2773 namque
951 2704 1029 2753 eam
1048 2703 1112 2774 pro
1124 2704 1233 2753 uxore
1251 2680 1461 2776 Pamphilus

363 2806 483 2898 hahct,
498 2816 673 2902 nccpater
682 2816 721 2881 ut
732 2811 925 2882 consentiat
934 2829 1081 2879 necesse
1092 2816 1158 2899 est,
1174 2809 1350 2898 quoniam,
1364 2808 1462 2877 sicut

363 2931 527 3025 vtdtnun,
549 2934 626 3027 lcgc
643 2935 911 3006 Atheniensium
933 2941 1072 3005 cautum
1101 2940 1175 3004 erat
1194 2940 1233 3004 ut
1253 2934 1312 3024 qui
1342 2933 1461 3002 civem

362 3056 553 3128 ritiavissct
571 3078 649 3129 cam
667 3058 796 3130 ducere
816 3066 1012 3150 cogeretur.
1044 3059 1118 3150 Age
1141 3080 1212 3129 non
1242 3060 1287 3128 sit
1312 3059 1462 3128 inventa

364 3182 461 3271 ciris,
475 3201 558 3271 crgo
572 3204 643 3252 non
662 3204 749 3254 uxor
765 3185 827 3254 sed
844 3186 957 3255 amica
972 3190 1108 3254 tantum
1129 3185 1195 3253 erit
1212 3184 1372 3253 dicenda.

412 3305 521 3378 Multo
537 3309 653 3378 minus
667 3330 709 3379 ex
722 3311 787 3381 hoc
804 3312 897 3401 quod
916 3313 1069 3381 narrarit
1078 3310 1281 3401 Pamphilus
1297 3331 1303 3377 :

562 3479 649 3544 Hanc
664 3481 708 3544 mi
723 3481 753 3545 in
767 3503 886 3545 manum
902 3483 966 3548 dat.

1011 3581 1136 3660 (Andr,
1155 3582 1178 3656 l,
1196 3584 1225 3655 5,
1241 3600 1272 3641 1.
1290 3577 1353 3660 69.)

362 3749 443 3802 cum
459 3730 592 3804 Donato
615 3733 659 3826 (2)
675 3735 884 3805 concludere
900 3737 982 3807 licet
1001 3737 1202 3828 Glycerium
1214 3736 1399 3826 Pamphilo
1418 3736 1459 3805 in

373 3915 1455 3934 n-t—--w———n-

394 4026 434 4096 (1)
453 4027 599 4101 110011.,1,
614 4029 640 4100 1,
656 4043 682 4085 1.
699 4030 733 4085 to
747 4035 776 4086 ct
790 4046 833 4086 s.:

682 4154 834 4177 .....
859 4117 925 4176 llaec
941 4119 1046 4176 diutius

502 4185 603 4256 Licere
618 4202 716 4258 sperus
730 4187 835 4260 lacera,
851 4205 897 4247 rna
910 4189 972 4247 1110
988 4199 1075 4262 patro,

502 4260 629 4316 Amicam
645 4264 675 4313 ut
689 4258 794 4315 hahens
809 4277 898 4331 propo
910 4261 970 4332 jain
985 4263 1016 4318 ln
1034 4262 1133 4320 uxoris
1147 4262 1229 4320 loco?

397 4346 437 4416 (lt
457 4345 699 4404 commentarium
715 4345 745 4404 in
761 4347 907 4405 Andrium.
