3172 5370
593 598 772 665 ,49-
864 566 867 570 “

135 785 210 852 Etsi
233 804 298 873 pro
321 783 516 872 arrhaboni,
546 785 758 874 optimorum
790 785 933 873 quidem
960 782 1226 872 Jurisconsulto-

136 929 214 975 rum
227 913 340 991 aetate,
357 908 494 996 pipnori
509 908 638 996 saepius
656 908 725 976 dici
739 908 885 996 solebat,
904 913 939 977 et
952 909 1028 998 ipse
1042 904 1226 976 Terentius

136 1032 202 1100 alio
226 1032 301 1101 loco
331 1027 381 1125 (l)
411 1032 559 1101 verbum
587 1034 839 1122 oppignerare,
874 1035 930 1102 cui
959 1034 1086 1123 pignus
1118 1033 1224 1119 inest,

135 1156 306 1242 adhibuit,
326 1161 443 1224 tamen
464 1177 614 1248 graecam
642 1177 777 1246 vocem,
808 1162 846 1226 ut
868 1177 932 1226 nos
957 1158 1067 1226 Aulus
1095 1156 1227 1226 Gellius

137 1285 255 1350 monet
270 1276 333 1375 (2),
350 1281 554 1371 reipublicae
568 1287 726 1371 tempore
747 1283 898 1352 Romani
920 1281 1022 1373 vulgo
1041 1302 1229 1371 usurpave-

137 1411 228 1493 rant,
245 1426 324 1495 quae
345 1411 467 1496 postca
481 1406 575 1497 apud
594 1427 654 1481 eos
674 1408 713 1475 in
728 1427 795 1477 usu
812 1427 891 1476 esse
911 1407 1027 1477 desiit.
1055 1406 1092 1476 Si
1116 1411 1230 1497 pater·

136 1530 284 1599 familias
309 1551 372 1621 pro
396 1531 595 1602 arrhabone
628 1531 736 1601 filiam
765 1552 865 1601 suam
897 1536 1074 1601 contracta
1101 1529 1229 1600 fiducia

137 1655 419 1744 mancipavisset,
446 1656 483 1724 id
502 1661 556 1725 est
579 1657 627 1726 ita
648 1657 836 1726 alienasset
853 1662 904 1746 ut,
925 1657 1037 1726 soluta
1063 1656 1226 1746 pecunia,

137 1780 396 1850 adolescentula
406 1781 475 1871 ipsi
488 1783 789 1873 remanciparetur
798 1778 862 1876 (3),
880 1782 967 1851 nihil
981 1782 1038 1851 hic
1052 1782 1229 1852 insolitum

139 1910 198 1974 aut
211 1906 372 1975 mirabile
394 1905 503 1994 foret3
531 1909 592 1997 qui
608 1909 704 1977 enim
723 1909 760 1975 in
780 1913 951 1997 potestate
971 1907 1127 1996 parentis
1150 1911 1231 1975 sunt

138 2030 254 2118 liberi,
274 2031 320 2101 ab
348 2031 414 2100 hoc
433 2031 559 2101 eodem
584 2033 780 2122 modoque
813 2033 906 2101 servi
932 2032 1125 2120 mancipari
1154 2051 1232 2121 pos·

140 2160 221 2224 sunt
238 2151 308 2248 (4).
330 2155 401 2224 Ista
414 2157 672 2246 mancipatione
680 2157 778 2247 virgo
793 2157 830 2225 in
841 2157 1016 2247 mancipio
1034 2155 1232 2225 meretricis

138 2280 272 2349 fuisset.
294 2281 450 2349 Terentii
462 2287 748 2372 autemtempore
762 2282 978 2372 mancipium
991 2282 1085 2350 inter
1102 2285 1138 2348 et
1160 2297 1232 2348 sera

138 2405 284 2474 vitutem
295 2405 369 2474 fere
384 2407 471 2475 nihil
483 2407 664 2477 intererat.
687 2406 800 2489 Quem
826 2407 920 2475 enirn
945 2411 1046 2496 pater
1057 2405 1234 2495 mancipa-

139 2530 200 2618 vit,
219 2531 252 2598 ei
276 2537 436 2620 exaequat
458 2531 579 2601 Cicero
602 2531 662 2621 qui
681 2550 702 2599 a
720 2529 849 2620 populo
868 2529 1030 2598 venditus
1049 2534 1103 2597 est
1126 2547 1234 2618 quum

141 2654 242 2722 miles
251 2655 362 2723 factus
384 2675 455 2724 non
478 2656 523 2724 sit
543 2660 602 2724 aut
632 2675 740 2744 quum
767 2655 904 2723 censeri
921 2653 1072 2723 noluerit
1095 2651 1153 2744 (5)
1171 2673 1180 2738 3
1198 2658 1234 2720 et

140 2776 264 2844 Festus
279 2776 404 2844 eodem
413 2778 489 2846 loco
504 2797 563 2845 eos
576 2776 685 2847 habet
702 2776 762 2866 qui
780 2797 824 2845 ex
843 2775 952 2865 patris
966 2775 1045 2863 jure
1059 2773 1232 2856 exierunt,

142 2918 210 2987 quo
238 2900 299 2989 qui
331 2901 479 2968 aliorum
505 2899 595 2969 fiunt
634 2900 780 2969 dominii
808 2921 815 2968 :
843 2919 991 2989 quorum
1026 2903 1228 2986 utrumque,

142 3025 268 3112 inquit,
280 3023 320 3093 fit
331 3025 587 3114 mancipatione
597 3024 658 3118 (6).
673 3025 807 3113 Itaque,
823 3025 908 3093 item
920 3030 958 3091 ut
969 3042 1118 3109 servam,
1132 3020 1235 3110 virgi-

143 3168 225 3216 nem
250 3149 341 3218 hanc
361 3148 505 3220 cuilibet
524 3149 700 3218 redimere
715 3150 849 3237 liceret,
883 3147 1067 3217 drachmas
1101 3145 1235 3215 scilicet

146 3275 363 3343 numerando
388 3294 453 3363 pro
476 3274 603 3364 quibus
621 3275 849 3365 oppignerata
865 3277 939 3358 est;
973 3270 1065 3360 quod
1088 3269 1235 3338 Bacchis

146 3397 223 3467 fieri
241 3418 344 3489 posse
360 3398 527 3486 declarat,
546 3418 628 3467 nam

268 3608 407 3626 .....
430 3563 564 3625 Cliniam
579 3568 659 3638 orat,
675 3563 736 3625 sibi
749 3567 786 3624 ut
798 3562 831 3623 id
845 3579 929 3623 nunc
943 3560 1008 3623 det.
1073 3658 1090 3719 4
1126 3656 1138 3738 )

1015 3661 1056 3734 (v.
1094 3662 1123 3723 l.

180 3931 222 4004 (l)
235 3935 353 4006 fleant,
368 3933 415 4004 lv,
431 3937 458 4004 ὅ,
477 3948 508 3989 r.
527 3934 577 3990 lo.

183 4020 222 4094 (2)
241 4025 345 4081 Noctes
359 4022 463 4092 atticae,
479 4037 545 4088 xvir,
561 4025 591 4075 2.

183 4113 222 4182 (3)
242 4112 338 4174 Gaius.
354 4112 477 4168 lastitnt.
497 4109 532 4180 ll,
550 4111 624 4176 56⁰.

184 4201 225 4272 (4)
244 4203 320 4259 lbid.
338 4202 361 4270 l,
377 4201 472 4272 §uu

184 4291 225 4364 (t)
242 4293 295 4348 Pro
309 4291 421 4360 Cauno,
434 4292 482 4346 al.

186 4377 224 4451 (6)
243 4379 333 4438 Verbo
344 4377 525 4448 Emonoiputi.
