3172 5370
627 558 803 626 ..15-

167 745 268 830 Quod
288 746 318 813 si
334 750 550 834 praepostere
569 741 870 812 dictumvideetur
884 742 921 806 in
933 740 1000 808 hoo
1022 762 1128 810 versu
1149 763 1155 808 :

247 911 287 970 At
301 928 360 989 ego
373 909 421 971 illi
434 927 536 990 neque
550 907 598 983 do,
615 926 716 988 neque
731 905 906 989 despondeo.

795 1004 985 1086 (Heaut.,lV,
1001 1008 1032 1076 5,
1050 1024 1081 1065 r.
1095 1003 1159 1082 3⁴.)

170 1166 221 1234 sio
236 1170 355 1235 tamen
375 1164 523 1254 intelligi
546 1166 661 1253 potest
686 1183 693 1229 :
720 1180 792 1230 non
811 1161 915 1230 modo
941 1182 1012 1230 non
1038 1161 1095 1249 do,
1127 1160 1260 1229 sedne

171 1290 371 1381 despondeo
389 1289 544 1379 quidem.

220 1415 388 1506 Superest
415 1419 454 1482 ut
470 1412 696 1502 dispiciemus
714 1431 800 1480 num
817 1410 982 1480 Terentio
1003 1411 1079 1500 jure
1105 1410 1261 1480 seribere

171 1542 310 1612 licuerit
325 1562 333 1608 :

248 1696 421 1776 Despondit
434 1697 464 1758 ei
479 1695 598 1776 (senex)
612 1700 743 1775 gnatum
757 1694 852 1775 hujus
866 1693 961 1755 vieini
974 1692 1132 1768 proxumi.

857 1789 955 1871 illoc,
973 1790 996 1863 l,
1008 1793 1037 1863 9,
1053 1809 1084 1850 v.
1102 1791 1118 1850 l
1143 1789 1163 1870 .)

176 1948 335 2017 Vicinum
348 1947 443 2015 enim
462 1947 666 2037 spondendo
679 1966 750 2016 non
762 1947 875 2036 potuit
888 1946 1055 2034 obligare,
1076 1946 1139 2014 sed
1149 1965 1264 2036 neque

173 2075 243 2143 filio
256 2073 388 2143 utiliter
409 2071 596 2162 spondere,
623 2073 662 2141 in
687 2092 751 2141 sue
776 2071 910 2140 scilieet
935 2076 1106 2160 potestate
1141 2072 1266 2141 eonsti-

173 2204 247 2269 tuto
263 2193 341 2293 (1);
361 2196 455 2286 quod
474 2197 504 2265 si
523 2217 606 2266 eum
624 2216 688 2286 pro
701 2195 773 2265 filio
790 2195 993 2286 stipulatum
1010 2216 1087 2265 esse
1097 2197 1261 2287 accipias,

174 2323 262 2392 nihil
274 2323 358 2413 egit,
376 2341 529 2410 nemque
541 2322 643 2391 alteri
655 2321 814 2411 stipulari
823 2341 928 2391 nemo
940 2325 1055 2410 potest
1069 2317 1140 2416 (2).
1161 2361 1206 2370 —
1221 2320 1267 2390 At

174 2450 275 2534 pater
285 2444 356 2513 filio
370 2443 503 2513 utiliter
517 2444 714 2533 stipuletur.
732 2444 925 2534 -Nempe
940 2444 1007 2513 hoo
1020 2444 1058 2512 in
1068 2443 1123 2512 his
1142 2463 1266 2512 verum

176 2575 229 2639 est
245 2589 323 2660 quse
342 2569 433 2658 patri
451 2569 584 2658 acquiri
593 2575 740 2659 possunt
761 2563 829 2664 (3).
852 2608 898 2618 —
919 2570 971 2638 Itu
990 2588 1073 2658 ergo
1091 2569 1267 2658 interpre-

175 2695 321 2764 tandum
336 2699 389 2764 est
407 2717 415 2763 :
432 2717 449 2762 r
465 2694 646 2764 tundendo
662 2699 765 2783 atque
778 2692 857 2762 odio
874 2711 894 2764 p
910 2698 1047 2783 patrem
1058 2691 1216 2761 elleeisse
1230 2696 1268 2761 ut

175 2820 267 2890 filius
286 2820 434 2889 asisino
458 2819 683 2909 stipuleretur
714 2818 887 2908 virginem
914 2818 982 2888 sibi
1004 2837 1150 2887 uxorem
1176 2817 1268 2887 futu·

60 3039 62 3044 .
176 2968 265 3037 ram,
291 2953 394 3036 atque
418 2947 500 3015 inde
515 2951 554 3015 ut
567 2946 664 3036 virgo
688 2946 723 3014 ei
741 2945 1042 3036 desponderetur3
1066 2945 1158 3035 quod
1185 2964 1268 3014 vero

177 3070 288 3141 filium
301 3072 427 3140 fecisse
448 3091 491 3139 ex
509 3071 594 3160 ipsis
619 3071 694 3160 ejus
712 3071 829 3141 verbis
847 3075 992 3161 apparet
1015 3093 1022 3139 :
1051 3089 1071 3140 d
1092 3070 1183 3152 Quid
1205 3089 1269 3160 ego

178 3197 235 3287 egi
247 3198 265 3266 t
279 3198 321 3266 In
338 3197 430 3286 quod
446 3217 503 3265 me
520 3197 654 3285 conjeci
673 3197 805 3266 mulum
821 3198 839 3266 ‘l
857 3215 877 3268 p
901 3197 1002 3286 (ibid.
1022 3217 1056 3266 v.
1083 3191 1159 3290 57.)
1177 3196 1269 3264 Sane

179 3328 248 3393 uno
279 3343 374 3411 casu,
399 3327 438 3392 ut
461 3322 554 3412 apud
571 3322 776 3392 Ciceronem
792 3322 870 3392 heeo
901 3322 1097 3390 invenimus
1125 3343 1132 3389 :
1167 3321 1271 3390 «sibi

180 3449 327 3519 Caesaris
348 3448 466 3517 hortos
489 3445 706 3537 desponderat
720 3443 786 3542 tl),
811 3472 827 3515 u
858 3449 909 3517 sio
925 3448 1018 3538 apud
1036 3448 1216 3535 Nostrum,
1233 3448 1270 3514 in

179 3572 361 3664 Adelphis,
381 3573 442 3662 qui
457 3571 528 3642 filio
545 3591 608 3643 suo
622 3572 794 3664 virginem
813 3573 999 3663 quamdam
1016 3593 1162 3642 uxorem
1180 3574 1267 3661 fore,

217 3888 543 3962 (illustiniauiinstitut
562 3891 611 3956 lli,
624 3891 661 3948 do
670 3890 822 3949 inutilibus
832 3888 1078 3962 stipulationibus,
1089 3889 1136 3948 tit.
1153 3892 1198 3965 ts,
1213 3890 1228 3965 Ξ
1241 3896 1270 3949 u.

183 3996 198 4028 «
211 3975 327 4032 Inutilis
342 3983 385 4032 est
399 3975 557 4049 stipulatio,
577 3977 601 4034 si
619 3974 656 4032 ab
680 3994 714 4037 eo
735 3978 883 4051 stipuleris
904 3977 1020 4050 quitus
1038 3977 1097 4048 iuri
1120 3976 1269 4050 subjectus

96 4141 100 4148 Ι
183 4068 238 4133 est,
249 4063 291 4121 uel
303 4065 328 4120 is
342 4080 361 4120 o
373 4067 398 4122 te
411 4065 567 4137 stipuletur.
586 4087 601 4118 »

218 4152 256 4218 (2)
271 4150 418 4223 Ulpianus,
432 4152 469 4208 ir.
492 4156 538 4223 38,
554 4158 567 4222 t
581 4160 609 4227 l,
623 4154 703 4227 big,
720 4155 755 4212 do
769 4154 921 4215 verborum
935 4153 1166 4230 obligationibus,
1183 4156 1227 4222 lb,
1244 4157 1270 4212 l.

218 4242 258 4314 (3)
274 4241 390 4306 Paulus,
406 4240 446 4298 tr.
467 4244 528 4313 tuo,
543 4243 619 4314 big,
632 4242 706 4304 ibid.

220 4330 259 4397 (t)
277 4327 407 4400 eps-tote
423 4329 457 4386 ud
472 4329 602 4400 Atticum,
614 4331 662 4404 lX,
678 4335 705 4405 6,
719 4332 747 4389 in
765 4333 835 4392 line.
